3159 5059
606 450 785 512 -tor-

144 586 337 676 speculatos
365 606 441 656 esse
473 585 572 655 docet
598 587 692 655 Plato
713 586 767 654 his
797 584 936 653 uerbIs:
963 584 1062 663 οὔτ’ἅυ
1082 583 1230 682 ἐτ’άγρών

141 716 210 796 ἴδοις
226 718 319 788 οὕτέὐ
345 726 460 787 ἄστεσιν
488 716 562 786 ὅσων
587 720 783 808 Σπαρτιάταις
806 716 884 806 ρθιι
909 714 1058 808 συμπὸσια
1072 712 1230 785 οὐδ’ὁπὸσα

143 840 252 923 τοὺτόις
272 837 479 941 impubes,
502 861 577 930 quae
595 845 710 909 autem
729 859 866 907 morum
887 858 969 907 cura
987 838 1125 928 ephoris
1145 860 1229 907 oon-

144 969 308 1057 tingebot.
331 968 484 1057 Denique
506 987 587 1035 cum
604 964 731 1034 tributa
747 963 969 1033 conferebant
987 960 1152 1053 perioeci²
1167 968 1227 1031 mi·

143 1094 290 1183 litesque
317 1093 501 1182 imperatos
529 1086 691 1173 dabant³,
712 1108 856 1159 necesse
884 1092 957 1157 erat
984 1088 1063 1157 illos
1090 1088 1230 1178 ephoris

45 1284 48 1291 .
144 1236 277 1309 parere,
291 1216 453 1307 quoniam
467 1215 556 1284 inter
566 1214 691 1283 borum
701 1212 965 1301 magistratuum
978 1212 1108 1295 munia,
1120 1212 1229 1308 aerarii

144 1342 272 1430 publici
292 1346 325 1409 et
352 1340 574 1429 uectigalium
598 1338 847 1407 administratio
872 1337 1131 1407 adnumeranda
1154 1360 1229 1408 esso

144 1466 317 1555 uidetur‘,
339 1473 372 1537 et
391 1468 539 1535 militurn
554 1466 715 1535 dilectum
731 1485 838 1554 penes
853 1485 913 1533 eos
928 1464 1035 1535 fuisse
1054 1486 1159 1555 supra
1173 1466 1228 1535 de·

143 1598 370 1662 monstratum
385 1599 436 1661 est
447 1589 471 1659 ⁵.
495 1592 609 1660 Latius
628 1591 730 1660 etiam
750 1590 786 1658 in
802 1590 971 1678 porioecos
990 1590 1100 1679 patuit
1118 1591 1229 1681 epho-

143 1738 263 1786 rorum
276 1722 428 1807 potestas
442 1717 471 1785 si
483 1713 656 1785 tradimus
671 1714 810 1783 Isocrati
826 1714 886 1803 qui
901 1713 1063 1804 decapite
1081 1715 1230 1785 hominis

144 1842 385 1912 lacedaemonii
409 1842 556 1931 ephoros
572 1839 615 1909 ad
630 1838 810 1908 arbitrium
825 1860 927 1907 suum
942 1839 1113 1910 iudicasse
1132 1841 1231 1910 docet

144 1966 179 2034 in
198 1967 458 2049 Panathenaico,
482 1986 556 2055 cap.
579 1964 642 2033 181
660 1986 667 2031 3
685 1978 742 2038 τῶν
760 1971 821 2058 γὰρ
839 1964 915 2037 οὕτω
933 1968 985 2057 μὲν
1000 1966 1030 2047 ἐξ
1043 1975 1139 2060 ἀρχῆς
1154 1968 1231 2039 berani

143 2090 1230 2187 πεπονθότωυ,ἐυδὲτοῐςπαροῦσικαιρὸιςχρησίμωυόυτωυ(τῶυπεριοίκωυ)

141 2219 233 2300 ἔξεστι
265 2232 320 2297 τοῖς
349 2217 457 2311 ἑφόροις
497 2224 633 2311 ἀκρίτους
662 2224 827 2288 ἀποκτεῖναι
865 2215 1015 2297 τοσουτους
1046 2217 1167 2299 ὁπὸσους
1195 2224 1232 2288 ἂν

142 2346 335 2433 βουληθῶσιν.
370 2343 503 2411 Scimus
531 2343 600 2409 iam
629 2361 688 2410 eos
708 2361 789 2409 cum
819 2342 862 2410 de
890 2341 1025 2409 ciuibus
1058 2347 1227 2429 ageretur,

144 2469 264 2558 capitis
277 2486 435 2537 accusare
449 2466 613 2557 potuisse,
631 2486 702 2535 non
717 2465 895 2550 damnare,
914 2466 1006 2556 quod
1021 2467 1076 2536 ius
1090 2472 1229 2537 senatus

146 2594 240 2662 solus
264 2589 452 2661 habebatl.

196 2718 278 2787 Inde
306 2717 431 2786 iudicIa
445 2717 487 2786 de
517 2718 676 2786 maximis
695 2717 800 2787 rebus
821 2717 1002 2806 causisque
1031 2717 1231 2807 capitalibus

146 2844 283 2935 ephoris
310 2843 478 2931 permissa
495 2842 602 2911 fulsse
629 2842 664 2909 in
686 2842 853 2930 perIoecos
873 2841 1054 2910 arbitretur
1075 2843 1133 2932 qui
1160 2865 1231 2913 non

146 2967 416 3039 considerauerit
429 2966 570 3036 unicum
589 2986 665 3035 esse
684 2966 843 3035 Isocratis
858 2966 1095 3035 testimonium
1106 2973 1140 3036 et
1153 2989 1232 3037 ora-

145 3094 211 3163 tori
229 3090 427 3160 Atheniensi
452 3090 563 3159 studio
587 3090 730 3159 forsitan
748 3090 855 3159 fuisse
870 3095 938 3159 ut«
959 3091 1230 3163 Lacedaemonio·

188 3332 198 3366 ¹
221 3326 316 3401 plac,
334 3324 422 3403 Lag,
439 3325 465 3400 1,
484 3342 548 3404 pag.
566 3323 625 3388 637
641 3302 678 3385 Β.

185 3433 198 3470 ²
217 3432 332 3507 strab„
349 3432 438 3503 VIII,
456 3431 485 3505 5,
504 3448 567 3509 pag.
586 3430 658 3494 365.
687 3436 817 3494 buccalata
831 3444 863 3515 τῇ
878 3438 996 3516 Σπάρτῃ.

185 3544 196 3577 ¹
224 3540 371 3617 Tbucpd„
387 3538 444 3612 IV,
464 3537 500 3599 18
515 3560 523 3611 3
545 3539 669 3614 lieret,
686 3539 759 3613 VII,
776 3536 848 3602 234.

187 3642 201 3681 ⁴
220 3640 479 3723 Prur.‚1.ysand.,
499 3642 546 3706 16.
570 3643 671 3718 Diod„
688 3643 778 3719 XIII,
797 3642 871 3705 106.

186 3755 198 3791 ⁸
219 3750 267 3815 CI.
284 3770 365 3831 sup,
384 3770 449 3831 pag.
466 3751 504 3814 92
522 3770 584 3833 sqq.

183 3862 197 3897 ⁰
217 3859 363 3939 rampo,
375 3858 422 3921 De
431 3860 477 3922 Re
488 3859 570 3936 publ.
584 3859 705 3935 Laced„
719 3859 765 3935 10,
783 3858 857 3940 214,
872 3857 915 3941 lt)
934 3867 1002 3934 ιθιίς
1012 3864 1234 3945 γὰρὸΛυκοῦρρς

145 3975 203 4039 τοὺς
216 3973 334 4051 *ρι’ρουτας
346 3974 446 4050 κυρίους
460 3978 505 4030 τοῦ
517 3976 575 4052 περὶ
589 3980 634 4038 τῆς
646 3973 733 4050 ψυχῆς
747 3978 855 4052 ἀγῶνος.

146 4095 150 4103 ·
188 4078 235 4147 Ol.
254 4077 396 4154 Schaser,
412 4078 459 4140 De
473 4077 593 4159 Flpbor.¹
606 4077 776 4141 bacedaem.
792 4083 965 4153 comment,
983 4094 1048 4159 pag.
1066 4074 1097 4139 8.
