3159 5059
1596 460 1675 469 ..
1718 424 1791 486 04
1835 461 1913 471 -.

803 565 902 634 Ab
928 585 1008 635 ea
1038 565 1428 635 auctoritate
1459 586 1622 635 uere
1652 565 1808 634 facti
1838 572 1994 634 sunt
2024 566 2257 655 ephori
2288 567 2522 656 populi
2543 564 2843 655 spartani

696 689 961 768 uicarii,
1025 691 1262 780 populi
1313 691 1496 758 illius
1535 689 1688 759 dico
1745 691 1860 779 qui
1918 689 2125 759 rebus
2176 691 2466 780 publicis
2523 692 2847 759 intererat.

696 823 893 887 aetate
923 818 1255 906 Lucurgi;
1293 824 1361 885 at
1379 818 1715 887 minorem
1746 818 1816 885 in
1846 816 1991 887 dies
2023 820 2310 907 negotiis
2330 817 2647 886 ciuilibus
2670 837 2840 907 ope-

695 961 842 1011 ram
872 943 930 1010 is
960 942 1169 1025 dedit,
1214 963 1370 1009 cum
1409 943 1707 1033 plurima
1746 944 1816 1010 in
1856 950 2092 1012 senatu
2132 949 2597 1012 tractarentur.
2645 941 2842 1021 Quod

696 1065 830 1133 iam
870 1072 1026 1154 post
1062 1064 1242 1134 bella
1278 1067 1622 1135 messenia
1660 1064 2046 1135 Herodotus
2086 1065 2524 1135 demonstrat.
2570 1068 2743 1133 Nam
2780 1063 2845 1132 is

695 1190 886 1258 testis
925 1194 1050 1273 est,
1096 1193 1170 1258 ut
1207 1211 1412 1280 supra
1451 1190 1705 1259 dictum
1741 1197 1841 1259 est
1864 1189 1911 1273 ⁸,
1957 1212 2115 1258 cum
2156 1198 2394 1260 senatu
2425 1190 2844 1259 deliberasse

692 1315 985 1404 ephoros
1013 1315 1279 1406 quoties
1310 1317 1379 1383 in
1407 1316 1601 1405 graui
1633 1316 2021 1383 discrimine
2051 1325 2439 1386 uersaretur
2461 1335 2612 1383 mos
2632 1314 2845 1382 maio-

697 1461 852 1507 rum
905 1447 1021 1508 aut
1066 1439 1424 1529 disciplina
1470 1441 1789 1524 ciuitatiS,
1832 1460 2013 1529 saepe
2043 1441 2249 1508 etiam
2278 1461 2362 1510 ex
2402 1439 2676 1507 arbitrio
2716 1459 2847 1507 suo

695 1586 847 1653 quae
876 1567 1130 1654 optima
1158 1565 1554 1635 uiderentur
1584 1566 2102 1655 praesumpsisse
2121 1562 2175 1632 ².
2212 1565 2597 1633 Verisimile
2626 1570 2728 1632 est
2758 1563 2847 1631 de

694 1690 826 1759 hoc
871 1690 1092 1760 officio
1142 1691 1459 1760 mandata
1515 1690 1771 1757 iamdiu
1821 1691 2165 1778 accepisse
2221 1690 2400 1771 illos,
2445 1709 2575 1757 nec
2612 1694 2849 1756 tamen

696 1836 735 1883 a
762 1816 1060 1905 regibus,
1097 1817 1256 1906 quia
1285 1816 1354 1884 in
1382 1836 1580 1905 reges
1617 1814 1700 1883 ab
1741 1817 1839 1883 eis
1868 1836 2360 1905 nonnunquam
2399 1815 2844 1883 animaduer-

690 1942 880 2025 titur,
916 1941 1037 2011 sed
1068 1963 1108 2011 a
1138 1949 1400 2012 senatu.

787 2068 989 2155 Atqui
1015 2068 1249 2157 populi
1277 2073 1589 2137 senatum
1617 2069 1807 2137 uices
1835 2069 2057 2156 egisse
2085 2088 2223 2136 non
2254 2072 2358 2137 est
2388 2064 2574 2157 quod
2602 2066 2842 2134 multis

691 2193 1009 2263 euincere
1055 2214 1415 2280 conemur3
1461 2202 1864 2283 perpetuam
1906 2195 2094 2263 solus
2143 2198 2413 2263 exercet
2450 2193 2565 2261 ille
2606 2197 2850 2261 aucto-

692 2323 984 2405 ritatem,
1020 2341 1178 2389 cum
1205 2319 1438 2389 breuis
1467 2327 1533 2389 et
1561 2341 1743 2408 saepe
1772 2321 2159 2389 intermissa
2188 2321 2274 2388 sit
2301 2320 2650 2409 popularis
2678 2340 2841 2387 con-

691 2448 893 2516 tionis
928 2450 1248 2535 potestaS.
1294 2446 1513 2514 Inscio
1566 2446 1819 2536 populo
1868 2446 2369 2515 admonuerunt
2416 2444 2852 2514 Anaxandri-

693 2571 851 2641 dam
897 2572 1133 2661 ephori
1168 2577 1676 2661 senatoresque,
1734 2592 1863 2640 nec
1897 2592 2045 2641 rem
2090 2571 2176 2641 ad
2213 2572 2602 2641 contionem
2632 2570 2840 2639 detu-

692 2694 981 2766 lerunt³.
1027 2699 1310 2766 Senatus
1345 2702 1572 2765 autem
1601 2695 1783 2766 unde
1822 2705 2087 2765 creatus
2124 2704 2251 2780 est,
2287 2696 2422 2764 nisi
2460 2716 2498 2764 e
2529 2696 2784 2785 populo
2806 2702 2839 2762 ?

694 2826 954 2912 Nempe
1011 2842 1235 2892 errare
1289 2826 1609 2910 putamus
1662 2842 1780 2890 eos
1837 2821 1954 2910 qui
2009 2821 2522 2889 Lachmannum
2577 2820 2793 2888 secuti
2820 2816 2845 2852 ⁴

705 2947 915 3015 nullis
951 2946 1084 3014 nisi
1120 2944 1467 3013 nobilibus
1525 2945 1786 3012 curiam
1840 2946 2141 3034 patuisse
2179 2941 2659 3015 contendant⁵.
2700 2946 2855 3012 Pri-

700 3092 892 3139 mum
948 3070 1135 3139 enim
1189 3076 1580 3138 senatorum
1635 3068 1835 3138 lectio
1888 3068 2162 3157 qualem
2212 3069 2414 3137 tradit
2451 3070 2856 3138 Plutarchus

706 3192 958 3264 fuisse⁶
1009 3194 1170 3263 huic
1213 3194 1565 3263 sententiae
1612 3194 1840 3261 minus
1872 3199 2026 3282 apta
2050 3193 2364 3279 uidetur;
2400 3193 2646 3264 deinde
2680 3196 2859 3263 nihil

798 3407 813 3443 ⁴
867 3408 962 3469 Cf.
997 3427 1156 3489 sup.,
1191 3430 1320 3492 pag.
1361 3409 1565 3474 16-19.

786 3522 810 3559 2
858 3517 1107 3590 Herod.,
1143 3518 1258 3591 III,
1300 3517 1431 3592 148,
1467 3517 1566 3580 ubi
1599 3517 1669 3579 de
1698 3516 2020 3581 Maeandrio
2052 3518 2251 3581 Samio
2280 3519 2490 3599 agitur.

789 3628 814 3661 ⁸
857 3626 1103 3698 Herod„
1136 3626 1217 3698 V,
1251 3625 1352 3686 40.

798 3735 821 3767 ⁴
864 3733 1244 3807 Lachmann,
1293 3731 1563 3812 Spartan.
1601 3732 2063 3807 Staatsverfass,
2097 3752 2226 3813 pag.
2268 3732 2381 3797 134
2410 3752 2535 3814 sqq.

805 3839 827 3873 ⁸
870 3839 1030 3899 Inter
1070 3855 1218 3916 quos
1255 3841 1543 3899 recentior
1581 3847 1669 3899 est
1713 3838 2036 3913 GilbertuS,
2086 3837 2321 3901 Handb.
2354 3839 2456 3900 der
2494 3840 2853 3920 griechisch.

717 3944 1281 4007 Staatsaltertbuem.
1320 3946 1482 4007 Erst.
1517 3945 1708 4020 Band,
1750 3944 1922 4020 1881,
1957 3961 2088 4026 pag.
2120 3945 2219 4008 51.

780 4056 812 4100 ,o
857 4050 1042 4129 Paua„
1100 4053 1266 4134 Lyc„
1299 4052 1397 4119 26.
