3159 5059
640 529 681 580 ·.
702 534 739 597 43
760 569 800 582 -

171 672 294 743 damus
326 678 494 744 sententie
525 673 749 763 comprobate
765 694 922 762 egemus,
940 672 1139 763 exemplum
1165 674 1258 745 Cleo·

169 799 282 869 menis
305 798 318 865 Ι
338 798 375 865 iu
397 795 551 867 medium
577 796 758 887 profertur.
790 797 834 863 lt
857 796 886 864 is
914 816 994 864 cum
1012 795 1206 867 Aristonem
1224 805 1258 868 et

171 923 333 1013 deinceps
352 925 571 992 Demaratum
585 922 697 990 filium
716 922 885 990 Aristonis
901 921 944 989 de
962 941 1069 1009 regno
1086 921 1258 1012 depellere

172 1054 326 1133 conatur,
357 1068 428 1116 non
455 1048 587 1137 ephori,
621 1047 682 1116 sed
711 1047 838 1135 gentile
868 1047 1045 1116 oraculum
1074 1047 1254 1137 Apollinis,

172 1180 372 1264 posteaque,
386 1175 515 1260 Pythiae
526 1173 657 1243 detecta
675 1172 810 1256 fraude,
830 1173 977 1263 populus
995 1169 1022 1268 (t
1039 1175 1136 1267 δῆμος)
1156 1173 1199 1242 de
1215 1196 1256 1244 ee

173 1321 211 1369 re
219 1288 412 1369 statuitlld
423 1300 632 1390 ephororum
643 1298 783 1389 quidem
796 1298 946 1366 tribunal
956 1299 1154 1369 Cleomenes
1164 1299 1257 1369 idem

173 1429 353 1494 accusatus
369 1445 388 1492 a
402 1424 530 1513 populo
547 1423 690 1492 demum
704 1422 886 1500 iudicetur,
908 1443 1020 1512 neque
1042 1424 1134 1493 aliud
1152 1434 1257 1513 agunt

172 1550 292 1638 ephori
306 1568 409 1640 quem
425 1568 563 1617 causam
579 1553 616 1616 nt
635 1553 842 1636 cognoscent
861 1554 895 1616 et
908 1545 990 1617 dent
1003 1548 1134 1619 iudices
1146 1549 1171 1617 ⁴.

219 1674 316 1742 Adde
336 1672 428 1763 quod
450 1693 493 1741 ne
513 1673 621 1741 ueteri
643 1672 784 1762 quidem
804 1677 901 1740 aetate
925 1672 1098 1742 interdum
1122 1695 1256 1745 cessere

171 1798 478 1867 animaduertimus
496 1798 585 1865 hene
600 1796 835 1865 auctoritatem
849 1802 883 1865 et
897 1816 1014 1865 curam
1032 1798 1252 1888 ephororum,

174 1943 255 1991 cum
283 1924 371 1991 inter
399 1942 437 1990 se
465 1942 563 2009 reges
590 1922 819 2003 consentiunt,
851 1919 943 2010 quod
975 1928 1091 1990 tamen
1122 1923 1158 1989 in
1191 1925 1256 1992 hoc

175 2048 323 2117 decursu
339 2046 502 2135 temporis
517 2050 608 2113 certe
622 2065 800 2134 nunquam
815 2046 1000 2129 euenisset,
1019 2047 1048 2113 si
1061 2047 1147 2114 nihil
1163 2047 1257 2130 aliud

174 2194 280 2263 quem
300 2173 493 2241 absentium
513 2176 571 2239 aut
586 2172 673 2239 inter
692 2192 728 2239 se
749 2170 988 2240 dissidentium
1001 2192 1123 2260 regum
1136 2174 1256 2241 uicerii

178 2297 397 2366 exstitissent.
425 2298 547 2364 Nonne
570 2296 768 2364 Cleomenes
787 2294 891 2379 idem,
913 2298 1113 2386 priusquam
1132 2298 1257 2385 egisset

176 2442 257 2489 cum
284 2422 455 2504 Aristone,
488 2421 671 2509 collegium
701 2420 874 2488 consuluit
894 2420 936 2489 de
956 2421 1109 2489 eiciendo
1128 2442 1147 2490 e
1166 2428 1256 2491 terra

173 2546 327 2614 laconica
342 2547 454 2615 Samio
473 2544 656 2614 Maeandrio
672 2544 729 2635 qui
746 2544 844 2613 donis
864 2565 1083 2635 corrumpere
1104 2567 1202 2635 reges
1222 2553 1256 2616 et

173 2672 344 2761 primores
363 2668 615 2756 moliebatur²l

225 2798 378 2887 Ephorus
388 2802 503 2865 temen
513 2797 598 2864 nihil
610 2816 730 2883 regum
744 2795 897 2864 absentie
916 2800 974 2865 eut
987 2794 1157 2866 discordie
1174 2821 1255 2887 pro-

171 2920 295 2991 fecisse
309 2919 402 2989 haud
417 2919 669 3003 contendimus,
681 2920 778 2989 cuius
790 2920 840 2987 rei
851 2920 959 2998 multe
968 2921 1256 3012 Dumiuscollegit

172 3046 342 3135 exempla.
360 3044 425 3114 Sed
439 3044 527 3113 hene
542 3046 776 3114 auctoritatem
792 3045 860 3112 illis
882 3046 958 3133 lege
981 3053 1073 3115 certe
1094 3048 1256 3117 tributam

173 3190 249 3239 esse
264 3169 490 3260 periculosius
505 3175 556 3237 est
575 3168 756 3237 offirmare.
776 3168 802 3235 Ε
821 3168 1030 3237 testimoniis
1044 3170 1110 3239 hoc
1124 3176 1256 3239 tentum

173 3314 295 3365 eruere
317 3293 509 3383 legitimum
533 3298 596 3378 est,
628 3291 908 3363 dissentientibus
933 3295 1084 3383 regibus,
1106 3297 1257 3386 primum

172 3419 353 3509 populum,
379 3415 503 3486 deinde
527 3422 685 3487 senatum
710 3418 881 3485 statuisse.
905 3418 977 3486 Nec
995 3420 1103 3489 fuisse
1122 3403 1256 3509 regium

172 3544 304 3613 donum
321 3543 507 3631 antiquitus
526 3562 616 3625 eam,
638 3563 705 3632 qua
729 3541 939 3610 ornabantur
956 3543 1089 3631 ephori,
1107 3544 1255 3612 ciuitatis

171 3668 284 3737 omnis
303 3665 523 3756 inspiciendae
537 3686 655 3734 curem
673 3686 733 3755 pro
753 3674 858 3750 certa,
876 3667 961 3755 quin
979 3667 1084 3736 immo
1101 3688 1162 3756 pro
1179 3669 1254 3736 ueri

171 3793 277 3879 simili
291 3792 460 3861 sententia
478 3796 530 3860 est
543 3789 754 3881 ponendum.

212 4040 222 4072 ¹
248 4033 374 4110 neree,
391 4034 446 4099 vr,
466 4033 574 4097 51-82.

210 4140 303 4211 2Id.,
328 4142 387 4216 m,
415 4138 480 4201 us.
