3159 5059
788 510 947 574 ..44-

383 652 478 719 Hane
496 650 696 740 ceteroquin
711 650 803 740 apud
821 650 1039 718 Plutarchum
1059 648 1095 716 in
1114 648 1230 737 Agidis
1240 649 1311 717 uita
1321 670 1414 739 repc-

334 776 454 862 rimus,
476 776 542 845 hoe
557 752 662 843 utitur
676 773 757 865 Agis
772 781 989 864 argumento.
1007 773 1108 842 Haud
1122 775 1219 843 aliter
1233 775 1414 864 postealo-

332 912 432 971 cutus
446 906 498 971 est
512 903 723 971 Cleomenes.
738 900 887 970 Easdem
901 901 945 969 ob
966 921 1086 969 causas
1101 920 1222 969 eorum
1236 900 1413 969 contiones

332 1048 429 1119 aeque
448 1027 491 1096 de
510 1046 546 1097 se
566 1026 799 1117 suspicionem
816 1021 981 1095 faciunt¹.

381 1152 491 1230 Quare
509 1151 704 1220 mandatam
722 1170 798 1221 esse
815 1150 898 1219 olim
912 1151 1050 1240 ephoris
1070 1150 1247 1239 aregibus
1266 1150 1414 1218 ciuitatis

330 1277 435 1346 totius
453 1275 672 1368 inspiciendae
686 1296 805 1345 euram
818 1276 854 1344 in
874 1276 1017 1345 dubium
1032 1276 1228 1344 uocandum
1242 1281 1304 1345 est.

379 1402 422 1469 At
436 1403 519 1471 iuris
535 1401 719 1472 dlotionem
734 1401 857 1471 saltem
872 1400 1045 1491 aregibus
1060 1402 1179 1490 ephori
1192 1411 1407 1491 acceperunt.

328 1525 427 1605 Quod
440 1547 483 1595 ne
503 1526 570 1594 illis
590 1525 730 1615 quidem
744 1525 884 1595 credere
899 1525 978 1594 licet
993 1526 1052 1615 qui
1065 1525 1196 1613 regiam
1212 1525 1410 1615 dignitatem

328 1650 419 1739 apud
433 1651 615 1740 Spartanos
633 1649 837 1718 arbitrantur
849 1649 956 1717 fuisse
974 1649 1123 1717 similem
1145 1651 1177 1719 ei
1188 1671 1264 1739 quae
1274 1649 1409 1717 heroica

218 1845 220 1849 ,
327 1779 425 1843 aetate
448 1774 539 1864 apud
559 1780 689 1843 ceteros
711 1795 846 1864 quoque
867 1774 1001 1843 Graecos
1015 1772 1137 1843 fuerat.
1163 1774 1250 1841 Nam
1270 1780 1304 1843 et
1318 1773 1410 1864 apud

327 1900 516 1968 Homerum
544 1904 577 1968 et
605 1899 696 1988 apud
724 1899 925 1983 Hesiodum,
961 1900 1118 1988 quamuis
1149 1902 1316 1972 δινάσπώωι
1350 1905 1408 1968 aut

325 2026 521 2119 depraedante
532 2022 727 2113 frequenter
738 2043 837 2111 reges
854 2016 1041 2106 dicantur²,
1058 2042 1129 2091 non
1146 2028 1262 2091 tamen
1276 2022 1340 2090 soli
1355 2022 1409 2089 ius

326 2149 626 2233 administrabant3
652 2147 713 2218 sed
727 2150 776 2217 eis
788 2148 910 2217 adesse
926 2148 1154 2217 iudicantibus
1169 2149 1354 2238 principes
1372 2148 1407 2215 id

324 2281 376 2343 est
391 2280 528 2369 γέροντας
552 2280 585 2343 et
605 2274 707 2342 huius
723 2274 877 2342 muneris
899 2274 1030 2363 aliquas
1044 2279 1159 2363 partes
1178 2273 1373 2362 suscepisse
1388 2294 1406 2341 e

323 2399 526 2467 testimoniis
542 2393 687 2467 elucet3.
706 2398 781 2464 Non
797 2397 898 2486 igitur
912 2397 989 2464 aliis
998 2416 1098 2485 reges
1116 2397 1330 2465 committere
1341 2397 1407 2463 soli

323 2528 478 2610 poterant
493 2521 641 2610 quodne
660 2521 725 2609 ipsi
744 2520 884 2610 quidem
897 2526 1007 2588 totum
1026 2520 1202 2589 haberent.

373 2647 460 2725 Quin
480 2648 581 2716 etiam
597 2646 734 2734 regibus
749 2646 856 2715 aeteus
871 2646 1029 2731 heroicae,
1058 2645 1171 2735 quoad
1192 2646 1407 2735 pertinebant

324 2792 443 2841 eorum
456 2772 566 2841 officia
584 2772 626 2839 ad
645 2773 699 2840 ius
714 2772 910 2855 dicendum,
930 2779 1107 2861 spartanos
1122 2792 1221 2861 reges
1242 2774 1297 2842 vel
1313 2774 1405 2840 anti-

142 2904 146 2912 '
278 2902 280 2911 ’
324 2900 498 2989 quissimis
518 2899 742 2987 temporibus,
764 2899 974 2988 aequiparare
1005 2900 1083 2967 leue
1111 2905 1173 2967 est.
1205 2897 1294 2966 Illud
1311 2900 1405 2967 enim

323 3030 454 3091 tantum
465 3022 507 3091 de
517 3022 635 3091 litibus
646 3022 689 3091 ad
698 3023 812 3111 regale
823 3022 989 3091 iudicium
998 3022 1120 3091 delatis
1134 3023 1312 3107 nouimus,
1327 3022 1405 3090 illos

323 3148 365 3218 de
387 3154 604 3234 opteterorom
628 3148 777 3216 filiarum
801 3147 930 3237 nuptiis
954 3147 1098 3237 aliisque
1122 3147 1228 3216 rebus
1257 3146 1300 3215 ad
1327 3148 1404 3214 iura

321 3278 527 3347 familiarum
537 3276 798 3367 pertinentibus,
810 3274 852 3344 de
863 3274 1114 3364 adoptionibus
1124 3275 1242 3344 deuiis
1255 3274 1403 3364 publicis

322 3402 449 3475 atinde
464 3402 546 3472 ortis
561 3401 753 3471 actionibus
773 3421 981 3489 cognoscere
996 3407 1030 3469 et
1042 3400 1294 3502 controuersias
1313 3396 1399 3466 diri-

361 3694 371 3733 *
394 3697 490 3771 Ptol„
514 3695 596 3775 Agis,
617 3694 664 3757 10.
689 3692 821 3767 Cleom,
844 3692 890 3755 10.
915 3693 965 3754 Ol.
982 3711 1062 3773 sup,
1080 3710 1145 3771 pag.
1164 3691 1202 3754 29
1219 3710 1287 3772 sqq.

359 3807 371 3842 ¹
392 3805 497 3878 Ilicet,
521 3802 634 3877 1,237.
655 3802 773 3879 Odyss,
790 3801 847 3878 XI,
865 3799 933 3862 185.
958 3800 1003 3861 Ol.
1025 3802 1058 3862 G.
1074 3802 1166 3878 Dum,
1184 3799 1322 3863 Entsteb.
1342 3802 1404 3863 und

322 3910 476 3974 llutwicld.
494 3911 545 3973 des
560 3910 698 3991 Spartan.
716 3909 843 3989 Ephor„
863 3926 931 3988 pag.
949 3907 1000 3969 50.

359 4017 371 4056 ³
393 4018 500 4093 Iliad,
523 4016 642 4093 XVIII,
659 4012 717 4077 503
733 4032 796 4095 sqq.
822 4014 870 4077 Ol.
893 4016 1026 4094 Hesiod„
1050 4016 1108 4095 Op.
1127 4022 1156 4077 et
1170 4015 1252 4089 Dies,
1271 4014 1310 4077 38
1326 4032 1396 4095 sqq.

319 4138 346 4189 et
359 4127 427 4189 ⁸261.
