3159 5059
537 1136 866 1227 CONCLUSIO.

213 1632 372 1722 Superest
390 1638 429 1701 ut
447 1635 564 1723 paucis
586 1631 918 1722 comprehendamus
939 1652 1015 1720 qnae
1039 1628 1082 1697 de
1105 1628 1243 1718 ephoris

161 1760 332 1847 spartanis
352 1760 562 1828 coniecimns
591 1766 649 1828 aut
676 1760 834 1826 euincere
861 1756 970 1824 conati
994 1775 1126 1823 sumus.
1157 1754 1239 1820 Cum

160 1900 237 1948 rara
253 1889 287 1949 et
301 1880 443 1950 disiecta
462 1884 529 1951 sint
549 1882 753 1950 documenta
768 1880 894 1970 quihus
908 1878 950 1946 ad
966 1878 1095 1946 exitum
1115 1875 1239 1964 proha-

159 2004 264 2074 bilem
293 2007 435 2094 quaestio
457 2005 535 2074 duci
554 2006 672 2095 possit,
696 2013 742 2087 et,
764 2004 1010 2091 longinquitate
1030 2009 1237 2090 temporum,

159 2128 304 2199 diuersae
324 2130 423 2199 famae
447 2129 536 2220 apud
556 2131 737 2219 scriptores
761 2148 886 2215 magno
911 2127 1074 2195 distantes
1092 2128 1180 2195 inter
1199 2146 1236 2195 se

159 2254 339 2323 interuallo
351 2256 578 2343 reperiantur,
594 2254 829 2323 uetustissima
839 2253 1031 2321 testimonia
1042 2252 1235 2333 consulere,

139 2386 197 2448 ‘ut
216 2381 420 2470 ephororum
437 2381 531 2470 origo
547 2382 784 2470 explicaretur,
804 2379 1021 2468 potissimum
1037 2378 1150 2446 uisum
1171 2383 1235 2445 est.

160 2506 184 2572 ll
200 2505 324 2594 quihus
333 2506 533 2573 conclusum
547 2512 598 2573 est
612 2505 820 2593 ephororum
830 2503 1029 2571 inuentione
1039 2503 1151 2570 linitas
1162 2522 1240 2571 esse

159 2637 193 2698 et
207 2629 368 2698 inhibitas
381 2630 416 2697 in
432 2638 601 2719 posteram
620 2634 766 2712 aetatem,
784 2629 847 2695 has
861 2648 978 2695 rerum
994 2627 1240 2696 conuersioues

158 2753 283 2842 quihus
299 2754 369 2839 diu,
388 2754 531 2822 testibus
542 2754 714 2823 Herodoto
726 2760 758 2821 et
772 2752 982 2839 Thucydide,
1006 2752 1127 2820 ciuitas
1144 2773 1237 2842 spar-

154 2885 234 2947 tana
246 2878 424 2947 laborauit.
443 2879 529 2945 Nam
541 2884 719 2967 postquam
730 2897 827 2965 reges
837 2877 1003 2963 religione
1015 2877 1237 2965 magisquam

156 3003 352 3071 auctoritate
381 3002 548 3090 pollentes
574 3022 762 3090 paucorum
788 3000 1011 3067 dominationi
1046 3007 1235 3083 cesserunt,

154 3130 317 3219 paulatim
329 3128 473 3197 summis
486 3129 685 3197 muneribus
696 3127 805 3196 ornati
814 3134 893 3194 sunt
901 3127 1032 3215 ephori,
1042 3125 1114 3195 lere
1124 3127 1240 3194 omnia

155 3254 292 3341 negotia
310 3252 353 3321 ad
373 3272 410 3321 se
429 3259 573 3321 traxere.
596 3254 667 3320 Nec
686 3260 819 3319 certum
840 3252 921 3320 huic
937 3251 1113 3339 regiminis
1131 3257 1238 3318 muta·

155 3377 239 3445 tioni
253 3384 389 3466 tempus
404 3376 574 3465 adsignari
590 3396 703 3466 posse,
722 3375 783 3444 sed
803 3382 936 3444 tantum
950 3376 1016 3444 hoc
1031 3376 1240 3444 coniecimus

156 3502 363 3590 ephororum
381 3508 584 3592 potestatam
611 3510 687 3571 ante
713 3502 804 3571 hella
823 3502 999 3570 messenia
1022 3509 1131 3570 ortam
1155 3501 1241 3570 inter

156 3627 309 3695 instituta
331 3648 371 3697 ea
393 3628 518 3717 quihus
537 3648 665 3696 nomen
685 3632 736 3695 est
756 3628 932 3715 Lycurgea
951 3625 1242 3695 adnumerandam

156 3771 233 3821 esse
254 3757 287 3820 et
310 3772 329 3820 e
349 3752 432 3820 iuris
453 3751 600 3821 dictione
622 3751 747 3821 forensi
768 3752 900 3840 cepisse
920 3752 1067 3819 initium.

211 3877 313 3945 Plura
340 3898 422 3946 sane
452 3876 633 3945 adfirmare
662 3895 867 3945 concessum
896 3875 1028 3960 fuisset,
1051 3876 1079 3946 si
1102 3875 1246 3946 undeet

156 4000 328 4089 quomodo
344 4002 527 4091 collegium
537 4001 791 4085 desumeretur,
812 4005 938 4069 notum
953 4009 1054 4070 esset.
1069 4002 1111 4070 ht
1125 4000 1167 4070 de
1182 4002 1245 4070 hac

160 4146 298 4215 quoque
317 4127 463 4197 lectione
483 4129 703 4197 inscientiam
729 4128 817 4215 parit
841 4126 1113 4195 testimoniorum
1136 4147 1246 4216 penu·
