3159 5059
814 495 853 507 ..
874 460 912 523 52
933 496 974 507 ..

351 595 498 683 ephoros
513 598 712 665 constitutos
733 620 808 667 esse
823 604 861 667 ut
875 600 952 668 lites
966 622 984 670 e
1000 602 1230 669 contractibus
1246 608 1337 669 ortas
1352 600 1436 669 diri-

346 724 490 786 merent.
519 720 568 805 lta
597 741 656 789 eos
686 723 782 812 quasi
807 735 965 808 praterea
988 730 1182 809 percprioor
1213 724 1437 792 Doriensium

352 842 443 931 apud
461 844 571 913 uictos
590 844 866 916 Lacedaemonios
881 849 995 939 stirpis
1014 849 1160 918 achalcae
1180 870 1199 917 e
1219 849 1336 917 Steinii
1350 868 1435 915 sen·

347 968 452 1036 tentia
480 969 641 1059 effingere
670 992 866 1061 possumus.
895 974 1024 1052 Quibus
1054 982 1173 1063 postea
1202 975 1434 1063 perioeoorum

350 1112 432 1160 cura
446 1094 586 1183 contigit
605 1101 639 1163 et
658 1116 737 1165 mox
751 1103 829 1186 post
844 1097 935 1167 bella
949 1099 1119 1167 messenia
1132 1105 1289 1167 ueterum
1302 1098 1436 1165 ciuium

347 1224 381 1286 et
407 1218 616 1289 adlectorum
634 1220 669 1287 in
685 1221 858 1292 ciuitatem
877 1223 1105 1312 perioecorum
1124 1222 1254 1292 iudices
1273 1229 1308 1291 et
1326 1221 1435 1290 duces

349 1352 533 1413 euaserunt
554 1347 772 1436 magistratus
800 1348 847 1416 illi
877 1348 921 1416 ad
939 1353 1075 1438 tempus
1092 1349 1248 1437 Asteropi
1273 1346 1432 1437 ephori'‚

346 1466 381 1534 iu
396 1470 540 1537 concilia
559 1476 697 1539 senatus
711 1492 853 1561 prorsus
874 1473 1026 1541 admissi.

396 1594 476 1672 Quae
496 1616 620 1684 magna
634 1617 675 1665 ex
691 1603 784 1687 parte
797 1598 987 1688 probabilia
1004 1604 1038 1667 et
1050 1599 1229 1686 ingeniose
1244 1599 1439 1686 excogitata

347 1739 411 1788 neo
430 1721 530 1789 certis
551 1722 753 1791 testimoniis
768 1723 1034 1814 comprobantur
1053 1744 1118 1792 nec
1142 1724 1226 1792 satis
1250 1723 1440 1792 ostendunt

347 1843 532 1931 quomodo
550 1846 760 1915 exstantibus
787 1823 937 1935 regibus,
957 1849 1076 1937 ephori
1101 1847 1145 1915 ad
1164 1853 1296 1916 tantam
1317 1853 1439 1937 potes-

347 1973 451 2036 tatem
480 1972 709 2059 peruenerint.
742 1973 829 2039 Nam
855 1972 999 2060 singulis
1030 1972 1119 2041 uicis
1147 1973 1247 2040 nullo
1281 1971 1440 2059 singulos

348 2094 495 2182 ephoros
518 2102 672 2185 tempora
698 2097 874 2186 praefuisse
910 2104 1047 2166 ueteres
1071 2099 1256 2186 scriptores
1286 2097 1435 2184 doeent;

349 2220 441 2287 solus
461 2221 722 2310 magistratuum
736 2244 903 2292 numerus
917 2244 997 2291 cum
1016 2225 1173 2291 uicorum
1188 2244 1334 2292 numero
1349 2244 1437 2291 con-

347 2345 442 2412 uenit
456 2353 490 2414 et
509 2366 550 2414 ex
572 2347 647 2414 aliis
662 2348 929 2435 magistratibus
952 2347 1077 2430 BideiS,
1096 2348 1332 2434 Agathoergis,
1355 2348 1435 2415 Em-

348 2470 474 2558 peloris
490 2472 641 2561 quinque
656 2474 812 2540 uirorum
827 2474 971 2560 collegia
986 2478 1141 2541 constare
1152 2474 1292 2553 scimus,
1307 2472 1438 2559 quihus

348 2600 461 2661 tamen
484 2614 555 2663 non
590 2594 712 2663 eadem
743 2597 839 2685 origo
870 2602 971 2685 atque
1000 2596 1137 2685 ephoris
1160 2596 1343 2664 tribuenda
1367 2604 1433 2665 est.

347 2716 443 2787 Adde
458 2718 551 2808 quod
572 2720 614 2789 da
636 2727 752 2789 uetere
767 2722 825 2789 uel
844 2721 887 2789 de
905 2742 996 2789 nouo
1012 2721 1159 2789 ciuitatis
1177 2720 1252 2789 iure
1273 2726 1437 2809 spartane

348 2844 433 2912 nihil
450 2830 624 2915 nouimus.

397 2972 497 3041 Haud
516 2973 613 3042 ahter
628 2975 845 3043 sentiendum
861 2980 912 3043 est
931 2974 974 3042 de
988 2975 1026 3042 E.
1041 2973 1144 3041 Curtii
1164 2972 1338 3062 opinione,
1358 2974 1436 3061 qui,

352 3097 550 3167 auctoritate
564 3098 603 3165 Ο.
617 3098 770 3167 Muelleri
785 3098 906 3182 lretuS,
921 3104 998 3167 ante
1012 3098 1231 3166 Doriensium
1246 3096 1439 3166 aduentum

351 3221 521 3291 exstitisse
541 3223 748 3312 ephororum
762 3243 889 3291 munus
902 3228 993 3292 recte
1008 3221 1115 3291 credit
1129 3226 1162 3289 et
1176 3220 1304 3310 duplici
1321 3223 1437 3309 regia-

349 3366 427 3414 rum
441 3345 648 3415 familiarum
663 3348 806 3437 imperio
826 3354 902 3436 post
921 3347 1097 3416 subactam
1112 3346 1314 3416 Laconicam
1329 3366 1436 3435 oppo-

351 3472 454 3539 situm
468 3491 544 3540 esse
564 3491 583 3539 a
603 3472 840 3556 Doriensihus‚
864 3473 945 3562 quia
963 3473 1089 3561 duplex
1113 3492 1236 3559 regum
1255 3477 1438 3559 spartano-

352 3618 428 3665 rum
452 3597 590 3668 suboles
617 3600 755 3667 acha'r'ca
774 3600 879 3690 stirpe
899 3606 972 3669 orta
992 3607 1075 3679 erat,
1098 3599 1246 3667 achaicis
1273 3599 1441 3667 institutis

352 3720 471 3791 fulta².
494 3724 575 3802 Quae
594 3725 675 3793 insit
690 3725 771 3794 huic
790 3726 994 3795 coniecturae
1013 3745 1091 3816 pars
1106 3724 1181 3793 ueri
1202 3744 1266 3793 nec
1288 3724 1327 3790 E.
1351 3724 1442 3791 Gur-

400 3902 405 3936 ¹
427 3900 521 3974 Ptol„
545 3898 673 3973 Oleum,
693 3898 740 3961 10.

393 4004 406 4043 ²
428 4008 463 4067 Ε.
479 4007 615 4081 Curtius,
634 4010 712 4071 hist.
726 4026 823 4088 grecq.
843 4007 958 4091 (transl.
970 4006 1140 4089 lr.·gallic.,
1158 4015 1278 4071 auctore
1293 4004 1437 4068 Bouche-

358 4114 519 4198 Laclercq)‚
536 4134 601 4198 pag.
618 4115 687 4193 213,
705 4116 775 4191 215,
792 4117 862 4193 237,
879 4116 949 4192 249,
967 4117 1037 4182 261.
