3159 5059
826 464 985 525 „24-

371 609 558 695 Diogenem
569 604 741 673 Laertium
752 604 900 694 ephoros
909 625 1030 693 regum
1042 603 1190 671 uicarios
1203 604 1444 688 censetfuisse‚

371 738 409 801 ut
440 732 594 816 uidetur3
619 729 739 799 Suidas
765 730 917 818 profecto
951 728 1158 819 ephororum
1182 728 1393 797 mentionem
1414 736 1450 796 ut

371 858 568 949 praesidum,
585 856 743 945 uigilum,
766 855 947 924 custodum
967 860 1000 925 et
1012 854 1250 944 praelectorum
1264 854 1356 923 facit.
1375 855 1446 923 Huc

372 984 568 1053 addendum
588 987 640 1050 est
659 982 700 1050 ah
720 982 891 1069 Hesychio
912 981 1009 1052 verhi
1023 981 1162 1075 ἐφορεὺειν
1180 981 1355 1069 uolgatam
1374 1001 1448 1049 esse

371 1109 667 1199 explanationem:
690 1106 870 1183 ὑποπτεύειν.

419 1235 578 1303 Veterem
592 1233 790 1322 opinionem
804 1237 868 1301 Ed.
885 1235 993 1317 Meyer
1006 1231 1013 1265 ⁴
1032 1239 1148 1322 aperte
1163 1232 1356 1322 siguificare
1371 1252 1447 1300 con·

370 1361 478 1431 tendit
497 1361 667 1428 lustinum
694 1358 765 1449 (ΙΙΙ,
789 1356 824 1453 3)
852 1358 907 1427 his
931 1358 1066 1427 uerhis:
1091 1360 1295 1448 «Lycurgus
1320 1365 1450 1444 rapitur

370 1490 572 1573 potestatem
597 1483 785 1569 bellorum,
814 1489 1075 1567 magistratibus
1102 1484 1229 1552 iudicia
1258 1490 1292 1553 et
1319 1504 1449 1553 annuos

370 1630 598 1693 successores7
615 1614 750 1677 scootot
765 1610 956 1677 custodiam
971 1609 1099 1697 legum,
1110 1614 1234 1695 populo
1247 1609 1447 1698 sublegendi

370 1742 527 1805 senatum
542 1738 598 1806 uel
623 1736 760 1805 creandi
775 1758 863 1826 quos
884 1738 990 1805 uellet
1010 1738 1228 1825 magistratus
1247 1743 1448 1827 potestatem

369 1863 533 1951 permisit.
555 1886 571 1928 u
590 1862 793 1931 Doctissimo
808 1863 884 1930 uiro
900 1861 1045 1930 libenter
1060 1864 1278 1946 assentimur,
1296 1863 1363 1931 hoc
1381 1873 1448 1931 uno

369 1992 523 2075 excepte,
556 1985 648 2075 quod
675 1986 777 2053 latius
803 1991 895 2074 patet
919 1986 1038 2054 lustini
1067 1988 1222 2055 assertio.
1249 1987 1450 2076 Quanquam

369 2112 461 2181 enim
475 2111 522 2179 ihi
542 2112 661 2201 ephori
688 2118 779 2180 recte
800 2117 1042 2200 agnoscuntur,
1061 2113 1230 2180 incertum
1250 2119 1300 2180 est
1323 2113 1359 2179 in
1378 2112 1449 2179 sin·

368 2238 486 2325 gulare
514 2238 775 2325 magistratuum
811 2237 996 2325 collegium
1025 2237 1144 2304 Iustini
1172 2237 1279 2305 uerba
1312 2237 1445 2327 cadant,

367 2382 490 2431 necue.

415 2488 675 2577 Progrediamur
693 2510 784 2557 nunc
795 2488 838 2557 ad
857 2489 923 2557 alia
940 2489 1137 2558 testimonia
1161 2511 1237 2579 quae
1257 2462 1298 2559 eo
1314 2489 1443 2559 ducunt

367 2618 405 2681 ut
419 2634 438 2681 a
452 2614 668 2703 Theopompo
690 2636 771 2703 rege
790 2615 963 2683 institutos
983 2635 1058 2683 esse
1078 2616 1226 2703 ephoros
1250 2615 1441 2685 credamus.

368 2740 496 2807 Cuncta
517 2740 674 2808 recidunt
697 2739 741 2807 ad
769 2760 883 2809 seram
903 2747 1039 2808 aetatem
1060 2740 1096 2806 in
1122 2761 1189 2829 qua
1212 2746 1342 2809 mutata
1371 2762 1446 2810 esse

366 2864 532 2954 paulatim
547 2871 581 2935 et
605 2866 795 2935 adulterata
808 2872 910 2935 uetus
930 2866 1032 2949 fama,
1051 2866 1109 2934 uel
1128 2866 1249 2935 litteris
1272 2867 1444 2954 mandata,

367 2993 487 3081 potuit.

416 3124 592 3193 Platonem
620 3130 653 3193 et
672 3124 890 3193 Aristotelem
916 3124 1121 3193 concedatur
1139 3144 1281 3192 necesse
1309 3131 1449 3194 estnon

367 3251 517 3319 multum
542 3251 584 3318 ab
612 3252 775 3321 Herodoti
806 3272 948 3321 excessu
974 3250 1115 3335 distare,
1143 3252 1400 3341 prasertimque
1429 3274 1447 3320 a

366 3456 554 3535 antiquando
565 3456 666 3535 ephor.
679 3464 807 3534 sparton.
823 3455 994 3533 Grouiogae‚
1009 3454 1096 3529 1855,
1111 3452 1285 3533 paguo-ln
1298 3462 1326 3516 et
1338 3456 1441 3530 Frict,

367 3561 412 3621 De
427 3560 527 3638 ephor.
545 3568 672 3637 spartan.
690 3560 805 3620 dissert.
821 3562 958 3638 inaugur.
984 3559 1141 3637 Gottingae,
1162 3558 1249 3634 1872,
1268 3560 1382 3645 pag28.

407 3667 493 3727 *aa
520 3669 628 3746 Meyer,
655 3669 763 3731 Rhein.
789 3669 870 3729 Mus.
896 3667 962 3727 iuer
988 3666 1149 3744 Philolog,
1172 3668 1233 3728 uol.
1251 3667 1300 3741 41,
1323 3679 1398 3747 part.
1415 3668 1444 3742 4,

367 3792 431 3853 pag.
447 3773 516 3835 579.
535 3774 611 3835 Cum
628 3775 715 3835 huius
731 3776 882 3836 sententia
896 3774 915 3833 J
919 3776 1008 3835 ustiui
1021 3774 1127 3834 ultima
1144 3782 1224 3853 parte
1239 3782 1318 3835 recte
1335 3775 1451 3837 confert

366 3884 421 3943 Ed.
433 3885 544 3961 Meyer,
560 3881 730 3943 Aristotelis
743 3882 803 3942 haec
815 3880 923 3943 uerba}
941 3882 1052 3965 (Epopsloel
1069 3890 1218 3944 καθίσταται
1229 3892 1277 3967 γὰρ
1290 3890 1317 3955 ἐξ
1330 3889 1449 3945 ἁπάντων

286 4002 290 4009 “
368 3990 460 4069 (ΡοΙ.,
473 3991 512 4065 ΙΙ,
530 3990 559 4064 c,
576 3990 621 4065 15,
640 3989 730 4051 lator
747 3989 784 4051 25
801 3989 910 4064 Bekh.‚
924 3992 1017 4068 mai).
1033 3994 1078 4053 De
1093 4010 1151 4071 quo
1167 3993 1227 4053 uid.
1244 3992 1325 4067 inlr„
1340 4010 1404 4071 pag.
1427 3980 1469 4047 68

367 4116 429 4179 sqq.
