3159 5059
596 476 753 541 -73..

130 620 335 705 comparata,
363 616 529 685 sententia
544 615 601 683 illa
620 637 700 684 eum
723 615 854 685 ratione
874 617 910 684 in
927 616 999 684 uita
1017 615 1209 686 Cleomenis

131 740 283 809 adhibita
301 737 489 829 congruit'.
505 740 645 808 Summa
663 740 776 811 denuo
791 741 841 810 rei
851 742 961 832 posita
971 749 1022 811 est
1032 742 1068 810 in
1081 740 1212 831 origine

133 864 341 954 ephororum
365 862 423 952 qui
444 864 527 931 olim
540 862 647 933 fuisse
669 884 791 953 regum
818 864 963 933 ministri
982 871 1016 934 et
1033 864 1152 933 uicarii
1171 885 1213 935 ex

135 992 324 1059 amicorum
350 1011 495 1059 numero
521 991 620 1059 electi
648 989 808 1058 dicuntur
820 1012 829 1069 ;
857 989 992 1059 dehoc
1020 996 1134 1059 actum
1161 996 1215 1059 est

135 1136 240 1205 supra
257 1111 284 1182 ².
317 1114 383 1183 Sed
410 1119 444 1183 et
470 1114 651 1203 scriptores
667 1113 743 1203 'ipsi
776 1113 835 1203 qui
862 1114 950 1183 hano
983 1115 1214 1183 narrationem

136 1243 327 1329 sequuntur
347 1242 473 1326 negant
491 1236 664 1325 aregihus
692 1237 840 1328 ephoros
868 1238 975 1308 creari
1003 1240 1154 1329 potuisse
1176 1259 1217 1309 ea

136 1364 277 1454 quidem
296 1368 405 1447 aetate,
437 1384 517 1431 cum
539 1363 673 1451 regium
693 1363 879 1452 imperium
904 1383 1061 1434 coercere
1091 1366 1217 1454 coepis-

136 1488 249 1561 sentss.
267 1492 423 1561 Ceterum
438 1489 582 1559 discedit
600 1489 667 1559 alio
681 1489 757 1559 loco
777 1510 797 1557 a
817 1492 984 1560 sententia
1003 1512 1066 1560 sua
1083 1492 1216 1561 Plutar-

136 1616 235 1684 chus.
255 1616 305 1699 Et,
328 1634 370 1684 eo
392 1622 546 1704 tempore
567 1636 634 1704 quo
658 1615 846 1704 plurimum
873 1620 1017 1704 poterat,
1039 1637 1102 1685 rex
1119 1616 1214 1706 Agis,

136 1741 366 1810 multitudinis
387 1739 520 1809 uiribus
539 1740 642 1808 nixus
663 1760 732 1808 non
757 1740 925 1830 ephorum
949 1761 1065 1811 creare
1094 1743 1216 1832 potuit,

138 1864 201 1935 sed
224 1870 295 1935 arte
322 1864 470 1955 quadam
497 1864 666 1934 henenolo
696 1864 761 1932 sihi
783 1862 927 1951 homini,
958 1866 1132 1955 Lysandro
1155 1867 1221 1935 hoc

138 2008 266 2059 munus
291 1988 447 2059 mandari
472 1988 610 2079 pertulit
630 1986 656 2056 ⁴.
680 1988 730 2055 Ex
749 1988 825 2057 aliis
846 1988 930 2057 locis
957 1988 1078 2059 eadem
1098 1990 1220 2060 elicere

138 2116 239 2185 facile
255 2119 316 2184 est.
327 2116 403 2182 Non
417 2113 613 2203 expeditum
628 2111 775 2201 denique
790 2112 928 2183 uidetur
945 2134 1034 2198 esse,
1048 2135 1128 2183 cum
1141 2114 1221 2184 inde

138 2238 181 2307 ab
201 2239 341 2328 antiqua
359 2241 456 2306 aetate
471 2237 564 2325 regio
584 2235 728 2324 imperio
743 2235 863 2324 ephori
882 2256 924 2305 ex
943 2256 1086 2306 munere
1101 2258 1163 2305 suo
1182 2257 1220 2306 se

139 2364 374 2454 opposuerint,
397 2361 462 2431 hos
488 2361 741 2449 magistratusa
760 2360 898 2450 regibus
917 2363 1024 2431 creari
1051 2363 1216 2452 potuisse.

187 2488 284 2569 Quod
302 2488 441 2577 regibus
465 2491 621 2576 negatur,
653 2486 785 2556 senatui
811 2486 929 2555 tribuit
957 2488 1173 2558 Hermannus
1189 2486 1215 2558 ⁵.

138 2612 205 2683 Sed
236 2613 467 2681 coniecturam
494 2630 593 2679 suam
619 2631 688 2679 uno
719 2613 853 2678 tantum
878 2609 1113 2700 Xenophontis
1144 2613 1220 2682 loco

136 2731 316 2830 probauit⁶
335 2743 370 2807 et
382 2742 501 2826 postea
519 2736 650 2824 respuit
669 2735 756 2825 ipse,
784 2754 864 2803 oum
881 2735 1118 2825 Xenophontis
1137 2757 1219 2806 sen-

138 2866 281 2935 tentiam
294 2864 379 2933 nihil
395 2862 488 2931 aliud
503 2868 603 2953 atque
620 2866 831 2952 praeceptum
846 2861 1021 2951 quoddam
1040 2883 1116 2937 esse
1139 2884 1221 2933 sen·

141 2992 242 3061 sisset
255 2990 426 3081 prolatum
445 2987 488 3055 ad
501 2986 651 3077 effigiem
674 2986 832 3075 perfectae
856 2987 906 3056 rei
926 2986 1072 3077 puhlicae
1098 2986 1221 3058 adum-

141 3115 308 3187 brandem
322 3112 347 3183 ⁷.
365 3114 555 3205 Praecipuas
569 3113 605 3182 in
624 3113 762 3202 ephoris
779 3112 936 3183 creandis
953 3120 1067 3205 partes
1078 3121 1217 3185 senatus

184 3350 193 3381 ¹
216 3341 276 3415 Id,
293 3339 421 3415 Oleom„
437 3339 486 3402 10.

181 3452 192 3487 ¹
214 3448 264 3509 Oi.
280 3464 359 3529 sup,
375 3464 441 3528 pag.
458 3444 570 3507 38-50.

180 3556 192 3594 ³
216 3556 250 3618 d.
268 3562 360 3629 datm,
385 3550 591 3633 Entwicldung
615 3550 675 3615 und
695 3551 833 3615 Eintsteh.
861 3549 913 3615 des
936 3551 1074 3633 Spartan.
1099 3554 1216 3636 Ephor.

139 3681 205 3745 pag.
223 3660 277 3725 101
295 3672 324 3723 et
343 3661 412 3723 102.

180 3769 191 3808 ⁴
214 3772 311 3846 Ptot„
326 3771 399 3850 Ag„
415 3770 445 3831 8.
470 3771 689 3854 διαπραξάμυοςό
704 3758 767 3852 ipro
780 3770 863 3855 ἴφρον
875 3777 987 3855 ydiota
1000 3779 1043 3837 τὸν
1057 3773 1216 3857 Λύσανδρον.

180 3882 191 3917 ⁵
211 3874 382 3950 Hermann,
399 3877 445 3939 De
461 3877 607 3957 Homoeis,
624 3877 712 3958 prim.
729 3877 790 3952 ed,
807 3894 879 3959 pag.
898 3879 948 3942 15.
1087 3870 1091 3877 ’

182 3990 194 4025 ⁰
214 3986 360 4066 Xenoph,
378 3984 423 4047 De
442 3984 514 4065 Gyri
528 3982 671 4064 institut,
694 3984 769 4060 1,2,
791 3982 838 4049 11.
917 3977 919 3980 ’

183 4099 193 4132 ⁷
214 4094 387 4167 Hermann,
416 4091 524 4156 Lehrh.
543 4092 593 4156 des
613 4093 725 4175 gdech.
744 4091 896 4157 Staatealt.
911 4088 1004 4157 idnite
1018 4093 1114 4169 And„
1132 4095 1221 4175 1884,

1137 4207 1152 4258 5
