3159 5059
805 498 845 507 ..
866 464 905 525 73
924 498 964 509 ...

347 598 403 671 ἔδει
422 605 471 675 τὴν
491 608 587 693 ἀρχὴν
605 599 712 678 ταύτην
731 602 760 682 ἐξ
786 606 922 674 ἁπάντων
942 606 1005 695 μὲν,
1022 610 1062 697 μὴ
1078 607 1126 674 τὸν
1149 602 1253 696 τρόπον
1273 602 1304 671 δὲ
1321 609 1432 683 τοῦτον,

253 752 254 755 ’
346 724 376 797 ὅν
396 733 460 798 νῦν·
490 726 682 821 παιδαριώδης
705 732 764 821 γάρ
792 730 852 798 ἔστι
877 730 954 799 λίαν.
976 726 1075 818 (Pol,
1098 727 1141 811 II,
1160 725 1194 810 6,
1221 725 1277 794 16ι
1304 718 1429 809 mol,

349 850 476 936 att-27,
499 851 602 921 Bekk.
626 852 722 943 mai.)
746 852 819 921 Hoc
838 852 1010 941 singulare
1030 855 1180 921 osteum
1203 850 1325 921 eadem
1348 874 1433 922 uoce

349 978 554 1072 παιδαριώδης,
576 975 793 1066 «puerilis»,
812 974 1051 1046 adlectionem
1071 981 1268 1045 senatorum
1285 977 1433 1066 ephoro-

346 1124 491 1193 rumque
519 1100 764 1190 designandam
795 1121 898 1169 usum
924 1120 1012 1170 esse.
1046 1099 1128 1170 Inde
1157 1122 1228 1169 non
1260 1101 1302 1169 ab
1336 1103 1433 1169 omni
1565 1089 1566 1132 l

352 1234 446 1319 parte
460 1229 609 1297 similem
625 1229 834 1318 ephororum
848 1226 1013 1297 dilectum
1029 1228 1136 1297 luisse
1150 1248 1229 1297 oum
1245 1230 1437 1297 Schealtelio
1565 1205 1566 1246 ³

350 1351 572 1424 arbitramur¹
593 1355 725 1423 usitatae
740 1352 979 1443 eligendorum
992 1360 1189 1423 senatorum
1203 1355 1339 1438 rationi,
1356 1356 1438 1446 quia

352 1466 534 1551 oonoilium
549 1480 584 1548 in
599 1481 697 1548 illum
711 1480 861 1570 priorem
881 1478 1043 1548 dilectum
1062 1478 1251 1548 adhibitum
1265 1501 1438 1570 nusquam
1565 1533 1566 1552 t

353 1606 559 1698 eomparat2.
578 1608 687 1685 Quam
698 1608 740 1675 oh
756 1627 896 1676 eausam
910 1607 1013 1676 etiam
1027 1606 1212 1695 Goettlingii
1221 1604 1248 1692 ⁸,
1262 1603 1438 1675 Urlichsiil

356 1733 411 1801 oui
431 1734 613 1803 assentitur
641 1732 831 1802 Sohaeferus
848 1729 875 1815 ⁵,
901 1725 1110 1821 Stemiique⁶
1139 1732 1316 1822 opiniones
1346 1732 1450 1801 tueri.

242 1848 244 1851 ’
353 1879 450 1949 aeque
470 1858 607 1928 difficile
622 1866 685 1927 est.
709 1857 806 1936 Quod
825 1864 941 1926 tamen
957 1859 1129 1948 perspexit
1148 1859 1347 1942 Urlichsius‚
1364 1878 1439 1926 rem

354 1983 395 2052 ah
415 1984 552 2052 oraculo
571 1978 811 2072 pependisse⁷,
834 1986 868 2049 et
894 1980 1002 2049 solitis
1023 1982 1267 2069 Spartanorum
1286 1980 1441 2050 moribus

353 2114 387 2177 et
410 2107 557 2197 antiquae
575 2112 715 2176 sanatus
735 2104 841 2174 indoli
860 2106 1046 2173 conuenire
1069 2106 1155 2175 mire
1174 2106 1325 2176 uidetur.
1347 2108 1440 2177 llus-

353 2233 449 2324 pioiis
465 2232 557 2301 anim
572 2230 769 2320 designatio
786 2229 961 2298 sortitione
976 2229 1091 2318 aliqua
1103 2230 1238 2300 oriundi
1253 2237 1439 2321 potuerunt
1565 2271 1566 2306 2

353 2356 472 2428 haberi
501 2359 619 2447 ephori
645 2378 686 2427 eo
714 2356 807 2451 quod
833 2357 1068 2447 antiquissima
1095 2362 1168 2428 erat
1197 2358 1272 2426 haeo
1298 2358 1438 2428 creandi
1565 2443 1567 2462 ἱ

398 2584 407 2621 ⁴
432 2585 586 2658 Schenkl,
605 2584 720 2647 Rivista
737 2583 767 2646 di
782 2581 919 2663 filologia‚
936 2591 1008 2644 tom.
1022 2584 1062 2659 II,
1081 2582 1168 2659 tart,
1180 2602 1246 2665 pag.
1259 2583 1319 2650 373
1333 2605 1397 2667 sqq.

400 2694 413 2734 ²
435 2692 519 2765 Quod
535 2699 636 2754 contra
650 2690 809 2753 concilium
825 2699 944 2771 apparet
957 2691 987 2752 in
1002 2690 1125 2752 leotiono
1140 2701 1320 2754 senatorum.
1336 2696 1436 2771 Plan,
1565 2703 1567 2770 t

360 2803 448 2880 Lyn,
471 2799 509 2862 26
535 2821 543 2861 t
568 2806 717 2869 Ἐκκλησία
729 2806 897 2883 ἀθροισθὲωης
911 2803 995 2885 ἄνδρες
1012 2806 1107 2883 αἱρετοὶ
1120 2808 1274 2884 καθείρνυντο
1290 2808 1395 2870 πλησίον
1411 2814 1444 2874 εἰς

362 2916 462 2995 οἴκημα,
481 2920 527 2980 rar
540 2918 584 2995 μὲν
597 2915 653 2991 ὄψιν
666 2920 717 2991 οὐχ
729 2916 832 2993 ὁρῶντες
843 2914 901 2973 οὐδὲ
913 2917 1039 2995 ὁρώμενοι.
1055 2920 1100 2979 τὴν
1114 2913 1141 2972 δὲ
1159 2922 1271 2995 κραυγὴν
1283 2920 1355 2997 μόνον
1367 2924 1446 3000 &zori-
1565 2965 1567 3002 p

365 3050 435 3092 οντες
448 3028 667 3095 ἐκκλησιίζόντων.
1565 3091 1567 3100 ‚

311 3156 314 3161 ·
402 3131 415 3167 ³
438 3130 589 3207 (leontion,
615 3129 781 3192 Commeat.
799 3128 834 3189 ad
850 3129 973 3189 Aristot.
988 3127 1067 3204 Pol,
1084 3128 1444 3211 pag.tta.1tiap0puto
1565 3157 1566 3180 1

368 3238 557 3318 designantur
571 3236 688 3317 quidam
706 3236 771 3311 uiri,
788 3238 864 3298 inter
878 3254 952 3316 quos
966 3237 1083 3297 sortitio
1098 3236 1223 3317 ephoros
1237 3246 1326 3300 creat.
1565 3297 1567 3323 ᾗ

405 3345 417 3383 ⁴
441 3347 570 3421 Urlichs,
587 3345 695 3407 Rhein.
712 3345 806 3421 Mna,
819 3344 879 3406 uol.
892 3344 950 3419 Vr,
963 3341 1051 3417 4848,
1066 3362 1131 3424 pag.
1146 3342 1204 3405 ‘223
1223 3343 1268 3423 (de
1279 3346 1441 3425 Lycurgeis
1565 3333 1567 3411 l

366 3452 481 3529 rhetris)
496 3470 513 3512 a
528 3452 635 3533 populo
650 3452 764 3532 aliquos
781 3452 887 3514 electos
901 3469 966 3515 esse
988 3459 1068 3531 putat
1088 3454 1150 3531 qui,
1176 3453 1315 3532 auspiciis
1336 3458 1440 3535 captis,
1565 3533 1567 3548 ‚

370 3561 494 3640 ephoros
507 3560 701 3639 designarent.

412 3668 423 3703 ⁶
448 3666 588 3745 Sohasen
605 3668 651 3729 De
665 3667 775 3747 Ephor.
794 3667 997 3730 Lacedaemou.
1014 3675 1184 3744 comment,
1201 3688 1267 3751 pag.
1286 3671 1333 3735 15.
1565 3719 1566 3752 p

411 3773 423 3809 ⁶
444 3772 546 3850 Staio,
560 3774 616 3835 Die
631 3773 804 3836 Entwiclrel.
821 3774 872 3835 des
888 3774 1023 3855 Spartan.
1041 3776 1167 3855 Ephor.‚
1181 3787 1249 3855 eto,
1262 3798 1328 3861 pag.
1345 3781 1441 3846 tlt-20.
1565 3757 1566 3788 ³

367 3878 527 3939 sortitione
544 3877 700 3939 arbitratur
712 3880 843 3941 Steinius
852 3879 977 3943 electum
991 3900 1056 3946 esse
1070 3883 1226 3965 collegium
1241 3887 1359 3969 aliquod
1371 3890 1449 3969 (eine
1565 3945 1567 3956 ,

369 3984 659 4065 Wahloommission)
678 4004 695 4046 a
708 4004 767 4066 quo
781 3988 861 4067 prior
874 3990 951 4051 inter
962 3990 1130 4055 candidatos
1142 3992 1267 4059 dilectus
1283 3996 1377 4062 lieret.
1565 3981 1566 3986 ἵ

408 4097 419 4129 ⁷
443 4093 572 4168 Urlichs,
589 4093 644 4156 loo.
662 4094 771 4158 laudat.
