3159 5059
792 420 952 482 „30-

334 559 468 647 scriptis
488 560 660 647 octoginta
692 558 837 645 oiuihus,
873 560 916 627 ad
947 581 1057 631 nouas
1084 583 1140 631 res
1167 564 1356 633 moliendas
1374 586 1411 634 se

333 688 488 753 coactum
508 704 583 753 esse
595 685 805 754 'necessitate
826 684 1059 757 demonstrare
1078 688 1114 756 in
1136 690 1249 761 animo
1277 691 1405 759 hahuit.

332 810 518 878 Consilium
532 809 635 898 igitur
645 816 679 878 et
693 809 825 879 facinus
836 818 872 879 ut
887 819 1037 896 excuset,
1052 814 1087 881 in
1096 815 1254 883 contione
1265 815 1411 903 ephoros

333 933 457 1001 initioa
470 932 607 1021 regibus
624 954 666 1003 ex
681 934 800 1003 amicis
815 935 934 1021 lectoS,
948 937 1034 1004 nihil
1044 938 1138 1006 aliud
1150 940 1299 1027 primum
1309 944 1410 1028 atque

333 1077 452 1125 eorum
471 1058 644 1127 ministros
659 1062 693 1127 et
710 1058 858 1127 uicarios
877 1060 982 1128 fuisse
1006 1060 1164 1130 declarat.
1187 1062 1251 1139 Qui
1279 1063 1320 1131 ah
1348 1064 1409 1131 hu·

334 1182 406 1251 mili
418 1188 494 1251 ortu
509 1182 672 1270 paulatim
686 1183 722 1250 ui
742 1188 775 1251 et
799 1182 877 1252 dolo
898 1183 941 1251 ad
959 1184 1163 1253 insolentem
1183 1186 1271 1253 hanc
1289 1190 1410 1275 poten-

334 1307 417 1376 tiam
434 1327 471 1375 se
490 1307 676 1377 euexerint.

385 1433 446 1500 His
465 1432 581 1502 uerbis
602 1433 871 1503 additamentum
899 1434 941 1501 ad
974 1435 1158 1503 secundam
1177 1436 1270 1503 illam
1298 1456 1413 1503 narra·

336 1558 477 1641 tionem,
496 1576 599 1646 quarn
617 1558 709 1625 Plato
735 1559 906 1647 ceterique
934 1556 1081 1639 tradunt,
1110 1556 1264 1626 adicitur.
1288 1558 1413 1648 Ephori

335 1682 426 1751 enim
440 1700 510 1749 non
528 1686 660 1749 tantum
680 1702 699 1749 a
717 1681 934 1771 Theopompo
955 1684 1071 1760 creati,
1094 1683 1154 1752 sed
1173 1689 1206 1752 et
1221 1684 1413 1751 absentium

221 1868 223 1873 ,
334 1825 456 1893 rogum
474 1804 592 1873 uicerit
612 1812 645 1873 et
668 1824 687 1873 e
706 1805 800 1893 regio
821 1806 981 1873 comitatu
1001 1805 1131 1875 adsciti
1152 1806 1230 1875 inde
1258 1827 1333 1875 esse
1359 1826 1411 1875 os-

335 1926 532 1995 tenduntur.
579 1935 584 1943 '

384 2051 491 2128 Quam
519 2052 722 2119 sententiam
747 2050 852 2138 priori
881 2049 1088 2134 anteferam,
1115 2052 1168 2120 uir
1196 2050 1414 2121 doctissimus

335 2176 371 2244 G.
390 2176 533 2244 Dumius
549 2176 619 2245 veri
630 2168 828 2244 similiorem
837 2196 912 2244 esse
922 2182 1063 2244 conatus
1073 2183 1124 2245 est
1135 2177 1368 2247 demonstrare
1383 2176 1408 2244 ⁴.

384 2301 464 2369 Haeo
479 2306 592 2369 tamen
611 2320 671 2368 1111
689 2299 883 2367 indubium
901 2305 1045 2367 uocetur
1059 2321 1174 2385 nemo,
1198 2321 1262 2370 nec
1277 2323 1414 2392 praeser-

337 2430 397 2496 tim
412 2428 450 2495 G.
473 2426 614 2495 Dumius
633 2426 706 2514 ipse
725 2426 870 2513 ignorat,
895 2424 954 2514 qui
973 2445 1164 2514 perperam,
1191 2426 1316 2495 iudicio
1337 2428 1415 2516 qui-

337 2554 415 2623 dem
434 2558 562 2635 nostr0,
577 2552 747 2639 eleganter
762 2551 825 2622 aC.
840 2550 971 2617 Friohio
986 2551 1158 2634 conclusa,
1171 2557 1288 2640 utpote
1303 2552 1411 2636 irrita,

337 2680 510 2749 confutare
528 2674 672 2762 noluit2,
696 2677 857 2767 quoniam
868 2676 909 2745 ab
925 2697 965 2745 eo
980 2678 1107 2760 critico,
1126 2679 1257 2747 collatis
1276 2676 1414 2747 Eusehii

338 2805 530 2894 Sosihiique
553 2802 753 2886 rationibus,
781 2822 852 2870 non
872 2803 972 2891 plane
995 2823 1074 2870 cum
1104 2807 1257 2893 tempore
1282 2803 1368 2891 legis
1396 2822 1416 2871 a

336 2932 552 3020 Theopompo
567 2930 643 2997 latae
661 2948 848 3025 congruere
864 2928 1046 3016 ephoratus
1064 2929 1296 2999 inventionem
1314 2929 1414 2997 euin-

338 3057 425 3125 citur
437 3052 460 3121 ³.
485 3055 693 3142 Argumento
712 3052 806 3120 enim
823 3052 922 3120 firmo
943 3058 1034 3120 caret
1059 3052 1118 3140 qui
1149 3052 1192 3119 ad
1210 3042 1340 3120 certum
1358 3072 1415 3120 re-

338 3200 418 3269 gem
432 3178 623 3247 institutum
639 3175 810 3265 quoddam
824 3176 975 3245 referens
994 3196 1074 3244 oum
1090 3183 1284 3265 temporum
1297 3176 1416 3245 ordine

336 3310 475 3394 pugnat.

389 3430 456 3499 Sed
473 3428 536 3497 has
559 3428 706 3495 rationes
730 3426 811 3495 licet
836 3427 931 3495 fictas
949 3447 1024 3497 esse
1047 3430 1275 3499 concedamus
1292 3436 1327 3498 et
1343 3435 1414 3497 tum
1507 3513 1524 3537 κ

277 3560 281 3569 ’
338 3557 490 3646 primum
509 3553 649 3622 nomina
660 3552 868 3642 ephororum
885 3552 921 3619 in
936 3552 1012 3623 elho
1027 3554 1188 3644 inscripta
1200 3555 1320 3642 fuisse,
1338 3577 1415 3626 cum

381 3754 389 3789 ¹
413 3744 547 3815 61111111,
562 3738 764 3802 Ε11111111.11111
780 3740 997 3803 Entwichldes
1011 3742 1147 3823 Spartan.
1160 3743 1285 3825 Ephor„
1300 3764 1364 3826 pag.
1376 3746 1414 3808 39

340 3870 403 3931 sqq.

383 3958 474 4030 2111,
493 3954 577 4029 ibid,
593 3972 670 4034 pag,
689 3955 738 4017 41.

381 4065 393 4102 ³
417 4064 519 4136 Frict,
537 4064 582 4124 De
598 4063 733 4141 Spartan.
752 4062 878 4143 Ephor,
894 4082 961 4145 pag.
982 4064 1017 4126 10
1031 4082 1095 4146 sqq.
