3159 5059
823 491 861 503 ..
887 458 920 522 ιο
943 492 982 505 ..

354 596 585 666 Sthenela'r'das
610 596 759 686 ephorus
774 596 972 664 Archidami
993 598 1085 683 regis
1099 599 1303 669 sententiam
1321 618 1432 689 popu-

351 724 443 813 lique
463 722 709 793 dubitationem
732 745 802 793 non
820 724 916 808 uicit,
933 724 999 792 nisi
1016 726 1199 797 artificiose
1217 726 1427 796 discessione

352 846 437 915 iacta
449 844 472 914 ⁴.
487 848 609 917 Amota
623 853 736 917 autem
751 850 846 917 omni
860 849 1092 933 contentione,
1105 850 1314 920 Cinadonem
1328 852 1430 919 nouis

349 972 452 1041 rebus
473 973 666 1041 studentem
689 974 881 1063 opprimere
899 980 973 1041 tum
987 974 1083 1041 licuit
1108 975 1259 1065 ephoris,
1280 996 1359 1043 cum
1374 996 1429 1043 ra-

308 1126 309 1129 *
347 1098 455 1166 riores
479 1097 651 1187 iidemque
679 1098 819 1168 ditiores
848 1097 1224 1188 optimatesfuerunt².
1247 1100 1429 1189 Postquam

346 1220 493 1311 denique
512 1221 696 1292 dominatio
721 1243 913 1312 paucorum
940 1229 1078 1292 auctore
1098 1224 1261 1312 Epitadeo
1283 1224 1424 1313 ephoro,

345 1348 421 1435 lege
442 1348 640 1417 confirmata
654 1354 706 1417 est
729 1355 761 1417 et
781 1370 865 1438 opes
885 1349 935 1416 ita
951 1355 1059 1417 auotae
1074 1355 1113 1416 ut
1133 1348 1250 1437 Agidis
1269 1349 1314 1415 ΙΙΙ
1340 1355 1428 1416 tem-

343 1472 484 1560 poribus
507 1479 644 1542 centum
663 1474 755 1541 cives
778 1493 917 1541 omnem
937 1472 1084 1541 fundum
1104 1470 1299 1557 tenerent³,
1318 1479 1428 1541 totum

343 1596 550 1685 ephororum
569 1598 753 1687 collegium
771 1597 907 1680 cecidit,
925 1598 1104 1686 repentino
1120 1597 1189 1665 ictu
1205 1603 1423 1687 prostratum.

343 1721 416 1789 Hoc
435 1722 609 1790 animiam
629 1723 670 1790 ab
686 1723 793 1811 dgide
807 1722 989 1791 infeliciter
1005 1729 1240 1812 oppugnatum
1257 1744 1318 1791 rex
1332 1723 1424 1791 Cleo·

245 1906 247 1910 ,
342 1865 462 1914 menes
480 1846 537 1930 ΙΙΙ,
559 1848 781 1936 popularibus
809 1846 942 1915 artibus
965 1847 1182 1935 tyrannidem
1201 1847 1265 1915 sihi
1285 1867 1421 1936 paranS,

342 1970 526 2039 interiectis
540 1972 808 2059 magistratibus
829 1972 977 2040 sustulit.

390 2096 481 2173 Quos
500 2097 602 2164 etiam
625 2117 704 2164 cum
724 2103 847 2165 senatu
873 2103 1033 2186 spartane
1054 2096 1189 2186 imperii
1211 2096 1425 2187 fortunaeque

342 2226 516 2289 consortes
540 2221 645 2289 fuisse
668 2242 722 2290 res
754 2221 959 2305 ostendunt,
987 2221 1243 2311 plurimumque
1273 2222 1424 2310 potuisse

341 2347 490 2415 historiae
506 2345 717 2414 tradiderunt
730 2365 771 2413 ea
783 2345 857 2435 ipsa
869 2350 979 2429 aetate,
1003 2364 1082 2411 cum
1097 2345 1271 2413 ciuitatem
1287 2344 1425 2412 arbitrio

343 2490 404 2541 suo
417 2477 529 2561 patres
543 2470 706 2559 regebant
716 2470 740 2537 4.
755 2470 859 2560 Atqui
874 2476 948 2537 tum
959 2489 1087 2535 munus
1104 2489 1205 2537 suum
1220 2469 1424 2536 iamdudum

343 2601 516 2665 senatores
535 2596 731 2665 obtinebant
755 2602 891 2684 propter
912 2602 1023 2690 αἵρεσιν
1039 2598 1275 2679 δυναστευτικὴν,
1296 2596 1426 2663 scilicet

341 2728 480 2812 propter
498 2720 738 2790 hereditariam
761 2721 878 2811 patriae
901 2721 1092 2810 disciplina
1114 2720 1368 2789 obseruantiam
1391 2726 1424 2788 et

343 2846 546 2916 domesticas
561 2844 696 2913 diuitias
708 2842 732 2929 ⁵,
751 2851 784 2914 et
799 2865 818 2912 a
832 2850 947 2914 vetere
961 2844 1182 2933 legitimoque
1203 2844 1420 2912 comitiorum

373 3050 393 3115 ,¹
419 3046 598 3123 lhecydtd.,
616 3046 642 3119 Ι,
659 3042 709 3105 87.

384 3153 396 3189 ²
416 3154 562 3230 recept,
579 3152 713 3227 Hellen„
730 3153 786 3225 Ill,
805 3153 834 3226 3,
857 3152 927 3214 5-8.

384 3259 395 3297 ³
416 3262 510 3334 Plet,
528 3260 612 3339 Agis,
630 3259 659 3319 5.

277 3433 279 3439 ,
384 3368 395 3405 ⁴
416 3369 511 3439 rtur,
524 3367 650 3445 Agesil,
664 3365 691 3426 1.
705 3366 753 3430 Oi.
768 3368 856 3440 Dum,
869 3366 1006 3428 Entsteh.
1020 3367 1080 3428 und
1093 3366 1253 3429 llntwiohl.
1267 3366 1319 3428 des
1331 3366 1418 3445 Spar-

345 3484 403 3535 tan.
422 3474 546 3553 Ephor,
565 3490 629 3553 pag.
651 3472 794 3533 113-111.

386 3586 397 3619 ⁵
417 3583 526 3655 Arist,
541 3580 620 3654 Pol,
633 3581 662 3643 V
676 3581 784 3659 (VIII),
802 3580 830 3652 5,
844 3580 873 3655 8,
889 3580 978 3643 1306·
996 3581 1033 3642 18
1049 3581 1146 3644 Behk.
1161 3582 1232 3642 mai.
1251 3580 1299 3643 Of.
1312 3581 1422 3656 Bozin,

346 3692 392 3752 De
408 3691 553 3769 Lycurgo,
572 3704 638 3767 pag.
657 3688 726 3749 107.

388 3799 550 3877 Postquam
565 3794 740 3859 Cleomenes
754 3795 804 3857 Ill
819 3796 944 3876 ephoros
960 3796 1129 3869 sustulerat,
1145 3800 1349 3860 auctoritatem
1367 3816 1416 3859 se·

347 3912 432 3966 natus
446 3902 574 3982 infregit,
602 3919 695 3982 eoque
714 3901 836 3964 dimisso
854 3914 1054 3982 petrocorios
1069 3905 1189 3966 creauit.
1207 3904 1255 3967 of.
1272 3910 1421 3983 dropace,

348 4014 425 4075 Hist.
443 4010 479 4073 de
494 4009 699 4072 l'Hcllenisme
718 4009 861 4085 (translat.
885 4010 1126 4091 franco-gallica),
1144 4012 1203 4086 ΙΙΙ,
1219 4030 1282 4093 pag.
1304 4011 1374 4087 522,
1386 4011 1422 4073 ad

349 4127 408 4181 not.
422 4118 451 4191 ΕΙ,
462 4116 512 4179 uhi
528 4119 674 4193 Patisco,
688 4118 729 4191 ll,
745 4116 773 4194 9,
794 4116 803 4177 1
820 4125 847 4179 et
861 4120 993 4195 Baccha,
1010 4118 1045 4181 O.
1059 4120 1085 4180 1.
1100 4120 1152 4193 G,
1164 4136 1229 4198 pag.
1247 4118 1318 4194 605,
1331 4120 1423 4199 scrip·
