3159 5059
859 453 1017 516 ...60-

402 593 531 663 scilieet
551 592 601 661 rei
620 590 656 660 in
669 592 734 661 hoc
752 591 863 685 posita
885 598 938 660 est
961 613 969 659 ε
991 590 1116 681 quibus
1135 590 1325 659 constiterit
1343 590 1474 660 ciuibus

400 722 547 812 populus
566 720 623 789 ille
634 720 693 809 qui
707 739 728 787 a
741 719 872 788 cunctis
886 718 1109 808 scriptoribus
1126 724 1269 788 uocatur
1282 720 1382 812 δῆμος.

446 848 517 915 Nec
534 846 683 914 Athenas
706 845 809 929 enim,
827 864 893 913 nec
907 844 1106 912 Corinthum
1121 849 1179 912 aut
1207 844 1366 934 quamuis
1381 866 1400 913 e
1417 845 1469 914 do-

398 970 568 1039 riensibus
583 970 776 1037 ciuitatibus
794 990 872 1036 oum
888 969 1006 1057 Sparta
1019 968 1177 1037 conferre
1188 970 1278 1051 licet,
1296 989 1376 1036 cum
1390 977 1468 1037 tem-

397 1114 521 1183 porum
533 1114 728 1183 progressu,
751 1093 902 1161 historiae
917 1093 985 1162 fide
998 1092 1232 1182 comprobato,
1250 1095 1470 1184 compositam

397 1218 592 1309 reipublioae
607 1217 822 1309 disciplinam
841 1216 1097 1307 deprehendere
1116 1218 1323 1308 inpromptu
1338 1219 1395 1287 sit.
1415 1220 1470 1287 Ha

397 1342 550 1413 ciuitates
568 1342 698 1411 tardius
717 1361 821 1431 quam
836 1342 954 1431 Sparta
968 1340 1012 1409 ad
1030 1343 1243 1432 optimatium
1262 1342 1467 1411 dominatio·

394 1486 684 1556 nemperuenere;
699 1466 760 1535 sed
775 1465 821 1533 ibi
836 1473 967 1536 morata
976 1473 1029 1535 est
1038 1468 1167 1557 Sparta,
1186 1467 1268 1535 dum
1279 1474 1467 1537 mercatura

179 1566 183 1575 ¹
262 1652 266 1659 .
394 1598 427 1659 et
446 1590 524 1662 inde
539 1591 768 1660 contractibus
785 1591 868 1659 ortis
880 1598 1148 1682 exaggerataque
1162 1592 1344 1660 hominum
1355 1594 1464 1661 multi-

390 1716 512 1787 tudine
523 1723 644 1787 ceterae
654 1717 757 1786 urhes
769 1717 812 1785 ad
820 1737 930 1786 nouas
939 1738 994 1786 res
1003 1719 1193 1788 moliendas
1203 1717 1463 1789 excitabantur¹.

439 1843 559 1911 Paucis
580 1849 694 1911 autern
720 1843 914 1911 constitisse
932 1842 1025 1911 hunc
1044 1844 1228 1934 populum,
1257 1845 1313 1912 cui
1342 1864 1465 1913 nomen

389 1970 487 2063 δῆμος,
507 1974 540 2038 ot
559 1965 780 2057 paucioribus
801 1967 835 2035 iu
857 1965 930 2035 dics
958 1974 1080 2036 cuncta
1103 1968 1226 2038 docent
1248 1971 1458 2041 testimonia.

390 2094 463 2176 Cui,
489 2094 516 2161 si
532 2092 762 2161 Schoemanno
786 2090 958 2159 credimus
981 2097 1015 2161 et
1035 2098 1153 2163 homoei
1170 2094 1227 2183 qui
1247 2102 1415 2164 uocantur
1433 2103 1465 2165 et

390 2237 476 2307 quos
491 2237 575 2285 uoce
596 2222 677 2288 καλοὶ
696 2224 815 2311 κάγαθοὶ
824 2218 1022 2286 Aristoteles
1033 2219 1201 2306 significat
1216 2223 1462 2291 annumerandi

388 2339 507 2411 sunt².
538 2344 624 2411 Nam
657 2348 885 2427 trppomtoaes,
916 2348 955 2411 ut
984 2349 1115 2412 ceteros
1143 2344 1281 2413 ordines
1315 2347 1461 2416 ciuitatis

386 2466 594 2548 omittamus,
606 2465 659 2533 his
675 2486 859 2554 aggregare
870 2466 977 2533 nolim
997 2487 1082 2555 quos
1097 2488 1187 2556 saepe
1206 2467 1399 2557 Xenophon
1408 2489 1460 2537 res

384 2610 493 2659 nouas
507 2589 686 2658 meditatos
701 2610 775 2659 esse
788 2590 934 2658 ostendit
945 2586 958 2631 3
968 2596 1013 2673 et,
1023 2596 1060 2659 ut
1070 2588 1273 2674 Gilbertus⁴‚
1283 2612 1355 2660 non
1365 2594 1460 2662 ciues

383 2714 512 2803 optimo
527 2714 600 2783 iure
620 2714 726 2783 fuisse
745 2714 908 2782 libentius
919 2714 1073 2783 arbitrer.
1457 2692 1460 2699 ⁵

431 2840 496 2907 Sed
507 2860 573 2929 quo
588 2845 741 2929 tempore
756 2816 905 2929 primum
919 2840 1010 2907 hunc
1025 2840 1192 2929 populum
1211 2842 1247 2908 in
1264 2843 1457 2911 contionem

380 2966 519 3035 uenisse
540 2969 574 3035 et
593 2965 634 3034 de
654 2965 757 3035 rebus
776 2967 848 3034 suis
862 2966 974 3055 egisse
1002 2967 1216 3057 respicimus,
1236 2970 1352 3038 minus
1371 2990 1456 3038 enu-

379 3092 485 3161 cleate
503 3098 666 3179 apparent
678 3091 752 3159 haec
770 3092 884 3159 omnia
898 3089 1107 3159 discrimina.
1130 3092 1230 3180 Apud
1244 3093 1453 3163 Herodotum

418 3338 427 3376 ⁴
452 3341 554 3403 Fustct
569 3341 603 3401 de
619 3341 796 3417 Centaurica,
815 3340 881 3401 dite
895 3340 1014 3419 antique
1028 3340 1100 3421 (XIa
1112 3338 1208 3421 edit),
1224 3357 1290 3419 pag.
1307 3338 1451 3402 asa-297.

377 3448 425 3511 of.
435 3428 532 3509 E'itude
545 3466 595 3509 sur
607 3447 634 3509 le
644 3449 821 3527 Proprietee
834 3447 949 3526 Sparte.
963 3447 1091 3508 Stances
1102 3456 1131 3509 et
1140 3448 1278 3508 Travaux
1288 3445 1324 3508 de
1335 3446 1450 3507 l'Acad.

375 3554 425 3615 des
449 3555 587 3616 Sciences
611 3553 738 3616 morales
763 3564 791 3617 et
810 3555 976 3635 potitiques,
999 3552 1136 3615 nouvelle
1157 3554 1245 3628 serie,
1274 3562 1344 3616 tom.
1363 3553 1448 3625 xlv,

375 3660 463 3736 1880,
480 3679 546 3741 pag.
562 3660 631 3723 859.

411 3776 424 3815 ²
441 3769 637 3843 scnemata,
655 3770 767 3849 Opusc.
784 3769 929 3847 academ,
946 3771 972 3844 1,
993 3768 1060 3833 147.

412 3877 424 3914 ³
444 3876 833 3959 Xenopt.,He11en.,pass.

410 3987 421 4019 ⁶
444 3983 568 4058 Gittert
586 3984 749 4047 Handbuch
764 3984 816 4047 der
831 3984 1004 4063 griechisoh.
1017 3983 1232 4048 Staatsalterth.
1251 3984 1332 4045 Erst.
1355 3982 1446 4057 Band‚
1554 3968 1558 3979 ’

371 4109 436 4169 pag.
455 4089 507 4151 ta.
