3159 5059
621 524 801 585 -lto-

172 664 336 751 quoniam
363 662 499 751 patebat
523 662 648 751 populo
670 682 828 729 summus
855 660 1107 749 magistratus¹.
1137 663 1251 731 Altero

171 788 247 855 loco
267 786 519 855 definiunturct
535 790 721 870 oltporclrlo
747 787 818 868 illa,
842 787 953 875 qualis
973 788 1099 876 Spartae
1114 788 1252 855 inueni-

169 916 236 993 tur,
261 917 294 979 et
307 912 567 999 magistratuum
586 930 694 998 genu-o
716 912 843 999 optime
869 910 911 977 ad
934 911 1021 979 hanc
1040 910 1249 1001 reipublicae

169 1035 316 1104 formam
331 1035 636 1104 accommodatum.
660 1036 760 1103 Breui
780 1055 906 1123 nempe
929 1007 1081 1124 tempore
1101 1036 1252 1123 gerenda

171 1162 265 1228 omni
284 1160 453 1250 «populo»
473 1167 589 1249 patere
608 1180 748 1229 necesse
770 1167 821 1228 est
840 1161 944 1227 huius
958 1160 1051 1230 modi
1067 1160 1190 1242 officia,
1215 1165 1253 1229 ut

170 1288 206 1353 in
225 1286 340 1354 uicem
359 1306 479 1353 omnes
509 1286 642 1353 ciuese
672 1284 797 1373 quibus
827 1288 1028 1375 «populus»
1055 1291 1185 1355 constat
1213 1309 1254 1356 ea

171 1431 330 1481 exercere
350 1406 516 1498 possint².

219 1536 279 1603 His
294 1535 410 1603 uerbis
426 1536 507 1603 satis
522 1535 715 1604 declaratur
730 1555 790 1603 cur
805 1537 840 1603 in
852 1541 1017 1626 spartanae
1041 1537 1090 1605 rei
1105 1535 1251 1625 publicae

169 1662 410 1731 constitutione
430 1660 594 1749 paulatim
616 1667 768 1749 potestas
785 1661 856 1730 fere
879 1669 949 1730 tota
969 1662 1101 1731 ortubus
1120 1663 1248 1752 optimo

170 1784 309 1875 quidem
335 1783 407 1851 iure
436 1782 644 1866 fruentium,
685 1783 745 1852 sed
779 1785 922 1853 minime
954 1786 1087 1874 reliquo
1122 1786 1247 1875 populo

167 1907 406 1997 praestantibus
427 1908 609 1975 commissa
627 1908 741 1975 luerit.
763 1908 845 1975 lnde
860 1908 958 1977 facile
986 1917 1036 1978 est
1051 1910 1249 1997 intellegere

167 2054 252 2123 quas
263 2032 433 2101 obcausas
444 2032 842 2120 ephororumcollegium
853 2053 894 2101 ex
905 2033 1012 2101 nihilo
1024 2040 1243 2116 ortum‚anno

167 2164 297 2241 exacte,
329 2157 365 2222 in
395 2155 542 2223 nihilum
565 2155 804 2224 reuerteretur.
833 2157 964 2245 Nempe
992 2157 1249 2247 sibi-metipsis

168 2277 366 2347 diffidebant
380 2279 558 2366 optimates
570 2279 618 2345 illi
633 2298 737 2367 penes
752 2300 839 2368 quos
854 2279 1106 2349 Lacedaemonis
1121 2282 1249 2369 guber-

166 2406 258 2473 natio
278 2411 359 2473 erat.
378 2404 451 2481 Quo
466 2406 643 2493 pauciores
659 2407 852 2475 restiterant
862 2412 895 2473 et
912 2406 1064 2491 ditioreS,
1077 2428 1118 2476 eo
1137 2408 1250 2477 maius

167 2532 439 2620 crotpericulum
453 2551 496 2599 ne
511 2532 588 2620 quis
605 2532 692 2599 inter
707 2552 766 2600 eos
777 2532 997 2621 tyrannidem
1011 2532 1244 2617 meditaretur,

168 2654 260 2744 quod
280 2674 298 2721 a
313 2654 478 2722 Pausania
493 2661 555 2723 eta
568 2654 743 2742 Lysandro
756 2660 962 2744 temptatum
978 2655 1085 2723 fuisse
1105 2658 1245 2725 scimus.

169 2779 273 2867 Igitur
289 2778 516 2869 aequabilitate
531 2778 691 2873 omnibus
707 2779 879 2867 imposita,
898 2780 1065 2868 cuiusque
1084 2780 1250 2864 beneficia

169 2904 219 2972 illi
238 2904 432 2973 tuebantur.
448 2904 496 2971 lta
506 2922 626 2971 ueram
645 2924 721 2971 essa
738 2903 1041 2971 sententiamhanc
1060 2905 1251 2974 Aristotelis

167 3028 359 3098 indicarunt
377 3052 384 3096 ἱ
401 3040 460 3101 ἔστι
474 3036 532 3123 γὰρ
545 3034 641 3123 ὥσπερ
656 3033 741 3123 δῆμος
755 3032 808 3107 ἤδη
819 3036 845 3100 οἱ
860 3031 958 3122 ὅμοιοι·
979 3032 1021 3100 διὸ
1036 3038 1086 3100 καὶ
1101 3036 1129 3101 ἐν
1142 3031 1251 3113 τοῦτοις

167 3164 342 3254 ἐγγίγνονται
369 3159 535 3251 δημαγωγοὶ
563 3161 714 3241 πολλάκις,
743 3161 842 3249 ὥσπερ
869 3168 977 3250 εἴρηται
1008 3154 1183 3251 πρότερονθ.
1211 3157 1250 3225 ln

211 3398 219 3434 ¹
241 3392 347 3463 Arist,
368 3389 447 3465 Pol,
464 3390 503 3461 ll,
522 3389 552 3464 6,
573 3389 619 3450 15.
645 3389 748 3461 widh,
767 3388 874 3450 12-15.
894 3389 990 3451 Bekk.
1009 3392 1077 3451 mai.

208 3503 221 3545 ²
240 3501 348 3571 Arist„
366 3498 444 3573 ΡΟΙ.,
461 3498 539 3561 VIII
558 3496 618 3575 (Vl,
636 3496 664 3569 7,
684 3496 712 3557 4.
732 3496 832 3570 13082,
855 3497 959 3559 lli-16.
982 3499 1020 3559 διὸ
1032 3506 1073 3560 ἐὰν
1088 3505 1186 3572 πλείους
1195 3503 1254 3563 ὦσιν

167 3611 245 3689 ἓντῷ
261 3614 435 3689 πολιτεύματι,
460 3612 540 3668 πολλοὶ
557 3612 674 3689 συμφέρει
695 3620 745 3667 τῶν
765 3608 903 3687 δημοτικῶν
924 3617 1138 3691 νομοθετημάτων,
1159 3614 1210 3674 οἷον
1224 3620 1254 3675 τὸ

170 3726 303 3800 ἑξαμήνους
317 3727 362 3789 τὰς
375 3727 458 3798 τἰρχοὶς
472 3718 542 3786 εἶναι,
559 3722 598 3777 ἵνα
612 3726 703 3785 πάντες
716 3724 740 3778 οἱ
754 3722 832 3799 ὅμοιοι
845 3724 996 3800 μετέχωσιν.

209 3829 221 3865 ³
244 3832 351 3903 Arist,
370 3828 449 3902 Pol„
464 3829 541 3890 VIII
560 3828 618 3905 (Vl,
635 3827 664 3900 7,
679 3828 707 3889 4,
727 3828 827 3900 130821,
849 3828 951 3890 lli-18.
968 3829 1060 3890 Addit
1072 3830 1133 3891 haec
1145 3829 1252 3891 ibidem

170 3938 345 3999 Aristoteles
362 3954 369 3997 :
386 3940 539 4005 ἔπειθ’ἧττον
554 3947 586 4007 εἰς
600 3940 745 4009 δυναστείας
756 3944 920 4019 ἐμπίπτουσιν
932 3946 959 4001 αἱ
970 3946 1115 4024 ὀλιγαρχίαι
1125 3950 1167 4001 καί
1178 3950 1257 4024 ἀρισ-

169 4056 299 4131 τοκρατίαι
316 4049 352 4125 (οὐ
363 4058 412 4128 γὰρ
422 4055 508 4131 ὁμοίως
522 4054 604 4133 ῥᾳδιον
615 4064 781 4132 κακουργῆσαι
790 4057 872 4131 ὀλίγον
882 4058 971 4133 χρόνον
984 4055 1112 4134 ἄρχοντας
1126 4062 1169 4113 καὶ
1177 4059 1256 4115 πολὺν

172 4167 224 4221 ἐπεὶ
239 4162 281 4222 διὰ
294 4171 368 4223 τοῦτο
385 4168 408 4221 ἐν
423 4174 477 4231 ταῖς
491 4169 647 4244 ολιγαρχίοιις
657 4172 697 4223 καὶ
707 4165 882 4246 δημοκρατίαις
891 4172 1000 4244 γίνονται
1010 4166 1150 4246 τυραννίδες
1161 4182 1167 4195 ’
1178 4167 1194 4231 ἦ
1207 4174 1257 4247 γὰρ
