3159 5059
610 475 789 539 -107-
888 474 892 483 ’

57 590 60 597 ’
154 631 230 681 esse
250 618 283 681 et
297 632 337 682 ea
355 618 451 683 aetate
467 633 715 703 nonnunquam
730 616 970 703 apparet‚utin
986 595 1077 685 bello
1088 615 1237 705 gerendo

154 714 274 807 contre
299 737 442 807 Achaeos
468 743 502 805 et
524 738 719 806 Acarnanas
736 735 761 804 ⁴.
793 739 837 806 At
861 759 937 828 quae
957 740 1026 808 iarn
1057 716 1239 835 esset.haec

154 865 265 933 contio
285 869 319 934 et
337 885 405 955 quo
425 864 527 933 modo
547 865 709 953 suffragia
726 864 842 949 ferret,
860 886 964 955 supra
991 865 1186 935 dictumest
1204 864 1234 947 ἲ.
1299 918 1303 929 ,

111 1070 116 1085 ι
152 990 254 1079 Atqui
277 989 412 1057 animus
431 972 622 1058 attendatur
644 989 750 1057 uelim
769 988 812 1057 ad
836 989 871 1056 id
896 996 1032 1079 tempus
1054 1010 1122 1079 quo
1145 964 1235 1059 tatis·
1334 1050 1338 1057 .

152 1114 238 1183 sime
270 1113 478 1203 ephororum
516 1119 668 1203 potestas
696 1114 817 1203 patuit.
855 1115 941 1182 Tum
974 1135 1029 1183 res
1059 1115 1238 1204 praecipuae
1320 1191 1324 1199 q

152 1234 289 1305 decerni
309 1237 468 1307 uidentur
482 1258 544 1326 per
558 1236 644 1304 iilud
659 1242 844 1325 angustum
856 1238 1040 1305 concilium
1058 1238 1238 1306 hominum

153 1364 195 1433 de
210 1383 278 1455 quo
292 1364 385 1432 solus
402 1360 596 1452 Xenophon
610 1362 722 1445 docet,
737 1368 771 1431 et
785 1363 840 1431 cui
856 1382 984 1431 nomen
997 1370 1088 1459 μικρά
1101 1368 1239 1441 ἐκκλησία

155 1488 197 1555 ab
213 1508 253 1557 eo
269 1488 387 1556 datum
401 1484 487 1571 est³‚
505 1476 561 1555 res
579 1488 650 1556 iere
666 1506 786 1555 omnes
798 1508 857 1576 per
872 1459 1019 1577 ephoros
1032 1490 1098 1578 agi.
1114 1491 1164 1558 De
1179 1472 1237 1558 iilo

154 1613 298 1701 concilio
317 1632 398 1681 curn
416 1612 514 1679 multi
530 1608 619 1680 docti
635 1612 700 1679 uiri
715 1612 952 1695 disseruerint,
970 1633 1035 1681 uec
1050 1613 1093 1681 ad
1107 1621 1239 1682 certum

155 1740 284 1809 exitum
311 1737 523 1806 coniecturas
545 1734 794 1825 perduxerint*
823 1739 1043 1806 temerarium
1073 1746 1123 1807 est
1146 1739 1238 1807 iudi·
1317 1710 1320 1714 ¹

154 1863 246 1932 cium
266 1862 429 1952 proferre.
453 1863 495 1929 At
514 1861 718 1949 cuicumque
738 1860 780 1929 de
803 1860 861 1928 illo
882 1863 1059 1931 sententiaa
1074 1862 1235 1963 creditur.

75 2006 81 2017 ·
154 2008 216 2057 seu
231 1986 316 2055 illud
342 1988 441 2055 unice
463 1986 652 2057 constitisse
673 1985 878 2055 arbitramur
901 2006 944 2053 ex
967 1988 1017 2055 eis
1039 1988 1142 2075 quito
1166 1980 1239 2061 τέλει

155 2118 264 2196 erant,
283 2113 423 2194 scilicet,
446 2119 484 2180 ut
502 2110 704 2180 uerisimile
724 2117 788 2193 est,
809 2111 866 2200 qui
886 2111 1103 2198 magistratus
1121 2115 1238 2202 populi

154 2236 293 2306 nomine
318 2234 507 2325 gerebant;
530 2256 590 2304 seu
621 2236 658 2325 in
676 2233 761 2301 iilud
790 2234 960 2303 admissos
984 2256 1060 2304 esse
1079 2242 1239 2326 putemus
1351 2237 1353 2242 ’
1414 2260 1418 2269 ·

156 2362 338 2453 Spartiates
358 2360 486 2427 diuitiis
510 2364 543 2428 et
562 2358 778 2427 obseruantia
797 2356 937 2446 legum⁵
958 2360 1146 2447 pollentes;
1174 2362 1240 2429 hoc

154 2493 271 2556 tamen
284 2490 388 2554 restat
401 2485 547 2574 ephoros
556 2504 744 2573 paucorum
763 2490 797 2551 et
811 2484 1026 2572 optimatium
1039 2485 1190 2569 consiliis
1205 2492 1239 2555 et
1322 2475 1326 2483 ⁴

156 2611 344 2681 commodis
363 2611 410 2679 ita
429 2610 625 2678 inseruiisse
644 2615 682 2677 ut
700 2613 924 2677 aristocratiae·
943 2609 1119 2697 regiminis
1141 2611 1240 2699 quasi

156 2741 380 2809 instrumenta
394 2736 500 2805 fuisse
520 2736 712 2804 uideantur.
1126 2817 1130 2824 ι

204 2865 274 2934 Neo
290 2865 357 2933 iam
378 2862 524 2931 arduum
541 2866 593 2930 est
608 2867 735 2950 quanto
751 2860 954 2929 imminutus
974 2868 1065 2931 esset
1085 2882 1125 2931 eo
1151 2867 1238 2930 tem-

157 3010 240 3079 pore
274 2989 517 3077 Spartanorum
552 3004 718 3054 numerus
751 2991 961 3074 computare,
1007 2970 1086 3053 cum
1118 2985 1160 3053 ab
1197 2986 1235 3054 Ο.

156 3113 320 3185 Muellero
355 3110 554 3204 (Dicitur,
586 3110 628 3189 ΙΙ,
658 3128 724 3200 pag
751 3108 839 3199 195)
869 3094 1055 3177 doctissimi
1082 3109 1240 3177 homines

157 3247 287 3311 tautam
317 3240 445 3309 ciuium
473 3236 653 3327 penuriam
682 3230 874 3304 notarunt⁶.
906 3235 1038 3304 S'cirnus
1057 3235 1149 3304 euim
1182 3254 1239 3303 se-

198 3476 206 3513 ¹
228 3467 289 3539 iu,
304 3464 389 3539 ibic,
408 3465 466 3538 IV,
487 3462 518 3540 6,
534 3465 562 3527 3.
580 3470 647 3509 -2
669 3461 717 3522 Oi.
734 3478 816 3539 sup,
836 3478 900 3540 pag.
922 3458 989 3522 105.

196 3570 208 3608 ³
229 3571 375 3649 Xenoph.‚
392 3568 525 3643 Hellen,
545 3568 604 3643 111,
621 3569 651 3643 3,
668 3565 697 3627 8.

196 3682 209 3715 ⁴
231 3677 278 3741 Οἱ
292 3678 476 3749 Hermann„
495 3674 617 3747 Lehrh.‚
632 3672 725 3737 sttuite
742 3672 839 3747 Auli,
855 3672 941 3747 1884,
957 3674 985 3751 1,
1001 3690 1065 3751 cap.
1079 3671 1130 3748 25,
1144 3671 1162 3733 9
1174 3688 1238 3751 sqq.

188 3788 207 3851 ,i
228 3784 352 3858 Gitone,
371 3781 459 3845 stud.
474 3799 526 3842 nur
540 3781 717 3860 altspartau.
733 3780 857 3855 Gesch„
874 3797 942 3861 pag.
961 3780 1027 3842 155.
1230 3808 1233 3815 ·

198 3893 210 3928 ⁰
231 3890 271 3954 V.
292 3886 505 3963 Rutenorum,
530 3887 576 3947 De
601 3884 740 3965 Spartan.
762 3884 883 3963 Syssit„
906 3902 974 3963 pag.
989 3883 1024 3946 51
1043 3902 1106 3965 sqq.
1128 3882 1177 3945 Oi.
1194 3882 1238 3944 ct.

154 4000 277 4074 innuet,
300 3998 359 4059 Les
373 3996 469 4059 Instit.
485 4012 545 4057 soc.
562 3994 634 4056 etle
650 3994 738 4055 Droit
753 3992 825 4054 civil
841 3996 858 4053 t
875 3992 994 4073 Sparte,
1012 4009 1078 4071 pag.
1097 3989 1152 4053 126
1175 4007 1240 4069 sqq.

158 4111 203 4172 Da
213 4108 309 4171 causis
322 4124 374 4169 cur
384 4106 544 4169 decreuerit
556 4120 697 4166 numerus
710 4102 823 4164 ciuium
835 4101 1067 4182 Spartanorum.
1083 4098 1124 4161 V.
1135 4092 1241 4159 Fustet
