3159 5059
762 358 923 425 ..94-

300 514 382 579 sunt
400 508 474 579 eius
492 504 586 577 modi
607 506 734 575 classes
762 502 938 573 aestimatis
964 498 1118 571 uirorum
1148 493 1378 565 facultatibus.

301 637 411 715 Onam
444 654 525 705 sene
553 630 838 705 consuetudinem
864 628 1059 710 Dorienses,
1094 625 1234 713 antiqua
1267 625 1380 703 aetate,

302 762 417 830 minus
432 761 539 829 secuti
550 778 626 828 esse
639 756 814 837 uidentur,
831 754 860 823 si
874 759 973 823 terrae
987 752 1148 834 suhaotae,
1165 753 1242 839 post
1257 746 1384 816 iactam

303 886 528 976 irruptionem
559 884 595 951 in
623 883 837 963 Laconicam,
867 879 975 969 aequis
1002 876 1214 967 portionibus
1238 872 1384 941 donatos

305 1034 363 1083 eos
383 1012 561 1083 euincitur.
585 1009 663 1093 Sed,
688 1014 726 1077 ut
750 1006 794 1076 ad
816 1006 905 1076 hano
936 1004 1140 1075 sententiam
1162 999 1380 1085 accedamus,

189 1114 193 1120 ¹
307 1138 444 1210 aliunde
469 1144 600 1207 constat
626 1136 796 1205 turhatam
825 1152 1010 1203 morasse
1039 1149 1114 1199 eam
1138 1126 1379 1217 equalitatem.

313 1268 430 1355 Itaque
456 1281 599 1333 necesse
622 1266 674 1331 est
701 1260 744 1329 de
768 1259 892 1328 idoneo
919 1277 1027 1327 censu
1058 1253 1224 1343 cuiusque
1253 1250 1386 1319 ordinis

309 1388 526 1477 magistratus
540 1392 613 1453 tum
623 1383 849 1463 decreuerint,
867 1381 1046 1472 quoderat
1064 1399 1284 1449 romanorum
1297 1395 1384 1445 cen·

311 1534 429 1584 sorum
448 1532 584 1580 munus.
616 1510 689 1579 Hoo
707 1515 823 1577 autem
847 1506 958 1576 officio
985 1506 1121 1595 iunctos
1144 1526 1219 1575 esse
1238 1505 1388 1596 ephoros

313 1639 545 1711 arbitrandum
564 1643 672 1707 osteo
687 1635 843 1726 quodilli
863 1654 1045 1703 causarum
1066 1633 1221 1702 ciuilium
1240 1631 1386 1714 iudices,

232 1841 235 1845 ,
312 1770 437 1861 saepius
456 1767 499 1836 de
518 1766 647 1835 ciuium
665 1762 883 1833 facultatibus
907 1762 1141 1851 disceptabant
1163 1767 1198 1831 et
1224 1782 1244 1830 e
1271 1763 1389 1831 Xeno-

206 1971 209 1979 ,
311 1895 449 1988 phontis
463 1892 671 1963 testimonie.
690 1890 785 1959 Adde
797 1888 890 1979 quod
905 1894 1128 1974 tippapretcr,
1147 1888 1276 1958 scilicet
1292 1894 1390 1957 otre-

311 2027 489 2091 centorum
503 2017 677 2107 equitum»
699 2013 834 2098 duces⁴,
850 2018 1130 2098 opottoerpocque
1156 2032 1198 2083 ex
1217 2012 1392 2102 equitibus

312 2147 355 2215 ad
381 2143 517 2233 negotia
542 2146 681 2210 externa
708 2136 1000 2208 administranda²
1031 2138 1202 2227 legebant.
1239 2138 1290 2205 Ab
1321 2138 1390 2207 hoo

312 2289 437 2361 genere
452 2267 595 2336 dilectus
614 2285 689 2333 mos
708 2271 808 2333 uetus
822 2265 1028 2353 agnoscitur,
1050 2265 1153 2333 etiam
1172 2263 1201 2332 si
1216 2262 1260 2331 ad
1275 2282 1390 2332 seram

312 2397 446 2463 aetatem
461 2389 649 2458 referantur
662 2388 735 2455 haec
748 2387 877 2455 munia.

364 2518 389 2585 Ε
409 2513 584 2606 principiis
605 2512 729 2582 talibus
745 2518 819 2581 orta
833 2511 1021 2582 maioribus
1035 2513 1070 2581 in
1086 2512 1159 2582 dies
1174 2513 1395 2583 incrementis

316 2648 415 2713 aucta
428 2646 480 2711 est
498 2641 632 2729 collegii
646 2640 810 2730 potentia,
828 2660 908 2708 oum
924 2639 1077 2729 dispares
1096 2640 1184 2709 inter
1198 2660 1236 2710 se
1247 2641 1395 2710 fortunis

314 2770 408 2837 ciues
437 2767 559 2835 fierent
586 2771 619 2834 et
651 2765 822 2833 continuis
840 2764 940 2834 bellis
971 2766 1144 2856 implicata
1167 2765 1395 2835 Lacedaemon

318 2896 419 2962 esset.
441 2891 541 2961 Venit
554 2888 693 2958 tandem
707 2893 844 2978 tempus
864 2909 932 2979 quo
948 2890 1067 2979 ephori
1080 2890 1172 2958 hunc
1190 2891 1392 2975 exercitum,

317 3016 358 3085 ab
374 3016 457 3107 ipsis
473 3018 707 3104 comparatum
724 3014 759 3081 in
771 3012 903 3082 beilum
917 3013 1015 3082 educi
1035 3020 1094 3082 aut
1108 3013 1251 3083 domum
1273 3036 1394 3084 reuer-

316 3151 390 3215 tere
414 3160 476 3209 sua
494 3140 667 3208 iusserunt
694 3144 827 3227 sponte.
847 3137 919 3215 Quo
933 3158 1117 3227 progressu
1134 3138 1177 3208 ad
1191 3140 1258 3207 hoo
1288 3141 1395 3229 impe·

236 3356 238 3361 Ι
297 3264 411 3333 ¹rium
439 3262 548 3333 euecti
563 3262 631 3331 sint
653 3261 735 3329 satis
767 3262 879 3330 elucet
910 3280 953 3329 ex
973 3260 1158 3347 Herodot0,
1184 3261 1394 3351 Thucydide,

321 3388 557 3478 Xenophonte.
586 3386 667 3455 illos
686 3386 750 3454 snb
775 3391 910 3475 tempus
937 3386 1159 3456 Cleomenisl
1184 3386 1227 3457 de
1246 3388 1399 3458 consiliis

322 3513 365 3583 ad
379 3512 576 3582 interiorem
590 3510 639 3580 rei
658 3510 804 3600 publicae
824 3516 952 3579 statum
966 3511 1216 3599 pertinentibus
1234 3511 1304 3580 iam
1322 3513 1399 3602 ple-

321 3658 467 3728 rumque
483 3635 677 3706 decreuisse
690 3634 883 3704 Herodotus
899 3632 1076 3705 ostendit³.
1099 3634 1196 3713 Quod
1210 3656 1294 3705 uero
1311 3637 1398 3705 mili·

368 3803 378 3838 ¹
400 3800 546 3878 decept,
570 3800 616 3860 De
633 3798 678 3859 Re
695 3796 777 3877 publ.
796 3796 1014 3871 Lauadenos,
1032 3797 1088 3874 IV,
1104 3794 1134 3859 3.

361 3909 373 3949 2
394 3906 517 3977 Herod..
533 3905 559 3979 I,
575 3902 627 3966 67.
661 3960 664 3967 .

367 4012 380 4051 ³
404 4011 451 4074 ot.
470 4028 549 4093 sup,
564 4026 629 4091 pag.
650 4007 700 4073 63.
718 4010 763 4072 De
777 4008 940 4072 Maeandrio
953 4010 1263 4090 samioetAristagora
1273 4010 1399 4087 milesio.
