<?xml version="1.0" encoding="UTF-8"?>
<!DOCTYPE html PUBLIC "-//W3C//DTD XHTML 1.0 Transitional//EN"
    "http://www.w3.org/TR/xhtml1/DTD/xhtml1-transitional.dtd">
<html xmlns="http://www.w3.org/1999/xhtml" xml:lang="en" lang="en">
 <head>
  <title>
</title>
<meta http-equiv="Content-Type" content="text/html;charset=utf-8" />
  <meta name='ocr-system' content='tesseract 3.04.00' />
  <meta name='ocr-capabilities' content='ocr_page ocr_carea ocr_par ocr_line ocrx_word'/>
</head>
<body>
  <div class='ocr_page' id='page_1' title='image "./deephorissparta00gachgoog_0121.png"; bbox 0 0 3159 5059; ppageno 0'>
   <div class='ocr_carea' id='block_1_1' title="bbox 631 473 791 534">
    <p class='ocr_par' dir='ltr' id='par_1_1' title="bbox 631 473 791 534">
     <span class='ocr_line' id='line_1_1' title="bbox 631 473 791 534; baseline -0.006 -16"><span class='ocrx_word' id='word_1_1' title='bbox 631 473 791 534; x_wconf 78' lang='lat'><strong>..97-</strong></span> 
     </span>
    </p>
   </div>
   <div class='ocr_carea' id='block_1_2' title="bbox 156 610 1258 3095">
    <p class='ocr_par' dir='ltr' id='par_1_2' title="bbox 165 610 1258 1815">
     <span class='ocr_line' id='line_1_2' title="bbox 172 610 1258 701; baseline -0.003 -21"><span class='ocrx_word' id='word_1_2' title='bbox 172 618 353 681; x_wconf 89' lang='lat' dir='ltr'><strong>seruarent</strong></span> <span class='ocrx_word' id='word_1_3' title='bbox 362 612 511 681; x_wconf 81' lang='lat' dir='ltr'><strong>ciuitatis</strong></span> <span class='ocrx_word' id='word_1_4' title='bbox 523 610 690 681; x_wconf 85' lang='lat' dir='ltr'><strong>indolem.</strong></span> <span class='ocrx_word' id='word_1_5' title='bbox 703 612 790 679; x_wconf 89' lang='lat' dir='ltr'><strong>Nam</strong></span> <span class='ocrx_word' id='word_1_6' title='bbox 802 616 841 679; x_wconf 92' lang='lat' dir='ltr'><strong>ut</strong></span> <span class='ocrx_word' id='word_1_7' title='bbox 851 612 1134 701; x_wconf 78' lang='lat' dir='ltr'><strong>omittamusquae</strong></span> <span class='ocrx_word' id='word_1_8' title='bbox 1143 616 1258 678; x_wconf 82' lang='lat' dir='ltr'><strong>narrat</strong></span> 
     </span>
     <span class='ocr_line' id='line_1_3' title="bbox 173 736 1256 826; baseline -0.001 -20"><span class='ocrx_word' id='word_1_9' title='bbox 173 738 369 808; x_wconf 85' lang='lat' dir='ltr'><strong>Herodotus</strong></span> <span class='ocrx_word' id='word_1_10' title='bbox 397 736 441 807; x_wconf 93' lang='lat' dir='ltr'><strong>de</strong></span> <span class='ocrx_word' id='word_1_11' title='bbox 467 739 638 808; x_wconf 84' lang='lat' dir='ltr'><strong>llaeandro</strong></span> <span class='ocrx_word' id='word_1_12' title='bbox 667 740 774 807; x_wconf 91' lang='lat' dir='ltr'><strong>samio</strong></span> <span class='ocrx_word' id='word_1_13' title='bbox 787 736 811 820; x_wconf 86' lang='lat'><strong>¹,</strong></span> <span class='ocrx_word' id='word_1_14' title='bbox 841 744 961 806; x_wconf 86' lang='lat' dir='ltr'><strong>notare</strong></span> <span class='ocrx_word' id='word_1_15' title='bbox 985 744 1039 805; x_wconf 86' lang='lat' dir='ltr'><strong>sat</strong></span> <span class='ocrx_word' id='word_1_16' title='bbox 1061 738 1127 806; x_wconf 84' lang='lat' dir='ltr'><strong>en&#39;t</strong></span> <span class='ocrx_word' id='word_1_17' title='bbox 1150 755 1256 826; x_wconf 77' lang='lat' dir='ltr'><strong>quam</strong></span> 
     </span>
     <span class='ocr_line' id='line_1_4' title="bbox 172 865 1255 955; baseline -0.001 -22"><span class='ocrx_word' id='word_1_18' title='bbox 172 865 408 935; x_wconf 83' lang='lat' dir='ltr'><strong>malehabitus</strong></span> <span class='ocrx_word' id='word_1_19' title='bbox 422 867 466 934; x_wconf 87' lang='lat' dir='ltr'><strong>sit</strong></span> <span class='ocrx_word' id='word_1_20' title='bbox 474 866 658 935; x_wconf 88' lang='lat' dir='ltr'><strong>Pausanias</strong></span> <span class='ocrx_word' id='word_1_21' title='bbox 667 867 726 955; x_wconf 90' lang='lat' dir='ltr'><strong>qui</strong></span> <span class='ocrx_word' id='word_1_22' title='bbox 741 865 933 954; x_wconf 75' lang='lat' dir='ltr'><strong>simplicem</strong></span> <span class='ocrx_word' id='word_1_23' title='bbox 939 865 1255 933; x_wconf 76' lang='lat' dir='ltr'><strong>mommotaustera</strong></span> 
     </span>
     <span class='ocr_line' id='line_1_5' title="bbox 170 988 1251 1085; baseline -0.001 -23"><span class='ocrx_word' id='word_1_24' title='bbox 170 995 290 1085; x_wconf 79' lang='lat' dir='ltr'><strong>patriae</strong></span> <span class='ocrx_word' id='word_1_25' title='bbox 311 994 466 1063; x_wconf 84' lang='lat' dir='ltr'><strong>instituta</strong></span> <span class='ocrx_word' id='word_1_26' title='bbox 490 1002 693 1084; x_wconf 83' lang='lat' dir='ltr'><strong>aspernatus</strong></span> <span class='ocrx_word' id='word_1_27' title='bbox 715 999 821 1063; x_wconf 90' lang='lat' dir='ltr'><strong>estet</strong></span> <span class='ocrx_word' id='word_1_28' title='bbox 842 1012 1061 1081; x_wconf 86' lang='lat' dir='ltr'><strong>corrumpere</strong></span> <span class='ocrx_word' id='word_1_29' title='bbox 1084 992 1197 1061; x_wconf 88' lang='lat' dir='ltr'><strong>uoluit</strong></span> <span class='ocrx_word' id='word_1_30' title='bbox 1213 988 1251 1077; x_wconf 81' lang='lat'><strong>&#39;3</strong></span> 
     </span>
     <span class='ocr_line' id='line_1_6' title="bbox 168 1116 1253 1209; baseline -0.001 -22"><span class='ocrx_word' id='word_1_31' title='bbox 168 1140 275 1209; x_wconf 83' lang='lat' dir='ltr'><strong>quam</strong></span> <span class='ocrx_word' id='word_1_32' title='bbox 300 1140 423 1188; x_wconf 87' lang='lat' dir='ltr'><strong>seuere</strong></span> <span class='ocrx_word' id='word_1_33' title='bbox 451 1118 731 1189; x_wconf 89' lang='lat' dir='ltr'><strong>animaduersum</strong></span> <span class='ocrx_word' id='word_1_34' title='bbox 759 1120 796 1187; x_wconf 93' lang='lat' dir='ltr'><strong>in</strong></span> <span class='ocrx_word' id='word_1_35' title='bbox 818 1118 1014 1207; x_wconf 83' lang='lat' dir='ltr'><strong>Gylippum‚</strong></span> <span class='ocrx_word' id='word_1_36' title='bbox 1043 1116 1253 1187; x_wconf 78' lang='lat' dir='ltr'><strong>Cleandridae</strong></span> 
     </span>
     <span class='ocr_line' id='line_1_7' title="bbox 167 1241 1250 1335; baseline -0.002 -22"><span class='ocrx_word' id='word_1_37' title='bbox 167 1246 281 1313; x_wconf 89' lang='lat' dir='ltr'><strong>filium</strong></span> <span class='ocrx_word' id='word_1_38' title='bbox 299 1246 469 1335; x_wconf 88' lang='lat' dir='ltr'><strong>quosdam</strong></span> <span class='ocrx_word' id='word_1_39' title='bbox 483 1265 644 1314; x_wconf 87' lang='lat' dir='ltr'>nummos</span> <span class='ocrx_word' id='word_1_40' title='bbox 662 1265 682 1313; x_wconf 93' lang='lat' dir='ltr'><strong>e</strong></span> <span class='ocrx_word' id='word_1_41' title='bbox 702 1244 821 1334; x_wconf 88' lang='lat' dir='ltr'><strong>spoliis</strong></span> <span class='ocrx_word' id='word_1_42' title='bbox 835 1244 1045 1313; x_wconf 74' lang='lat' dir='ltr'><strong>Athenarum</strong></span> <span class='ocrx_word' id='word_1_43' title='bbox 1058 1242 1208 1311; x_wconf 83' lang='lat' dir='ltr'><strong>iuratum</strong></span> <span class='ocrx_word' id='word_1_44' title='bbox 1220 1241 1250 1327; x_wconf 79' lang='lat'><strong>⁸,</strong></span> 
     </span>
     <span class='ocr_line' id='line_1_8' title="bbox 165 1363 1252 1459; baseline 0.002 -22"><span class='ocrx_word' id='word_1_45' title='bbox 165 1370 204 1436; x_wconf 93' lang='lat' dir='ltr'><strong>in</strong></span> <span class='ocrx_word' id='word_1_46' title='bbox 224 1369 440 1457; x_wconf 82' lang='lat' dir='ltr'><strong>Lysandrum</strong></span> <span class='ocrx_word' id='word_1_47' title='bbox 452 1371 566 1459; x_wconf 91' lang='lat' dir='ltr'><strong>ipsum</strong></span> <span class='ocrx_word' id='word_1_48' title='bbox 580 1390 601 1437; x_wconf 91' lang='lat' dir='ltr'><strong>a</strong></span> <span class='ocrx_word' id='word_1_49' title='bbox 616 1368 832 1437; x_wconf 80' lang='lat' dir='ltr'><strong>Pharnabazo</strong></span> <span class='ocrx_word' id='word_1_50' title='bbox 850 1363 1073 1436; x_wconf 47' lang='lat' dir='ltr'><strong>accusatum&amp;</strong></span> <span class='ocrx_word' id='word_1_51' title='bbox 1086 1368 1252 1439; x_wconf 82' lang='lat' dir='ltr'><strong>Omnibus</strong></span> 
     </span>
     <span class='ocr_line' id='line_1_9' title="bbox 167 1490 1251 1582; baseline 0 -21"><span class='ocrx_word' id='word_1_52' title='bbox 167 1514 206 1561; x_wconf 88' lang='lat' dir='ltr'><strong>se</strong></span> <span class='ocrx_word' id='word_1_53' title='bbox 224 1492 330 1562; x_wconf 86' lang='lat' dir='ltr'><strong>rebus</strong></span> <span class='ocrx_word' id='word_1_54' title='bbox 344 1494 530 1581; x_wconf 80' lang='lat' dir='ltr'><strong>collegium</strong></span> <span class='ocrx_word' id='word_1_55' title='bbox 551 1494 751 1577; x_wconf 89' lang='lat' dir='ltr'><strong>immiscuit,</strong></span> <span class='ocrx_word' id='word_1_56' title='bbox 769 1514 847 1582; x_wconf 82' lang='lat' dir='ltr'><strong>quae</strong></span> <span class='ocrx_word' id='word_1_57' title='bbox 860 1490 905 1561; x_wconf 88' lang='lat' dir='ltr'><strong>ad</strong></span> <span class='ocrx_word' id='word_1_58' title='bbox 922 1493 1092 1561; x_wconf 84' lang='lat' dir='ltr'><strong>internam</strong></span> <span class='ocrx_word' id='word_1_59' title='bbox 1105 1494 1251 1563; x_wconf 82' lang='lat' dir='ltr'><strong>ciuitatis</strong></span> 
     </span>
     <span class='ocr_line' id='line_1_10' title="bbox 166 1618 1250 1709; baseline 0 -22"><span class='ocrx_word' id='word_1_60' title='bbox 166 1618 386 1709; x_wconf 80' lang='lat' dir='ltr'><strong>disciplinam</strong></span> <span class='ocrx_word' id='word_1_61' title='bbox 403 1620 549 1687; x_wconf 85' lang='lat' dir='ltr'><strong>alicuius</strong></span> <span class='ocrx_word' id='word_1_62' title='bbox 573 1620 737 1688; x_wconf 88' lang='lat' dir='ltr'><strong>momenti</strong></span> <span class='ocrx_word' id='word_1_63' title='bbox 758 1624 922 1688; x_wconf 86' lang='lat' dir='ltr'><strong>essentet</strong></span> <span class='ocrx_word' id='word_1_64' title='bbox 936 1618 1104 1709; x_wconf 85' lang='lat' dir='ltr'><strong>imprimis</strong></span> <span class='ocrx_word' id='word_1_65' title='bbox 1125 1620 1250 1687; x_wconf 90' lang='lat' dir='ltr'><strong>iuuen-</strong></span> 
     </span>
     <span class='ocr_line' id='line_1_11' title="bbox 165 1745 470 1815; baseline -0.01 0"><span class='ocrx_word' id='word_1_66' title='bbox 165 1746 250 1815; x_wconf 88' lang='lat' dir='ltr'><strong>tutis</strong></span> <span class='ocrx_word' id='word_1_67' title='bbox 264 1745 470 1814; x_wconf 75' lang='lat' dir='ltr'><strong>educationi.</strong></span> 
     </span>
    </p>

    <p class='ocr_par' dir='ltr' id='par_1_3' title="bbox 156 1868 1249 3095">
     <span class='ocr_line' id='line_1_12' title="bbox 214 1868 1249 1960; baseline 0.001 -22"><span class='ocrx_word' id='word_1_68' title='bbox 214 1869 513 1938; x_wconf 86' lang='lat' dir='ltr'><strong>lniormandorum</strong></span> <span class='ocrx_word' id='word_1_69' title='bbox 533 1868 674 1959; x_wconf 86' lang='lat' dir='ltr'><strong>quidem</strong></span> <span class='ocrx_word' id='word_1_70' title='bbox 693 1870 859 1939; x_wconf 89' lang='lat' dir='ltr'><strong>iuuenum</strong></span> <span class='ocrx_word' id='word_1_71' title='bbox 885 1888 969 1939; x_wconf 85' lang='lat' dir='ltr'><strong>cura</strong></span> <span class='ocrx_word' id='word_1_72' title='bbox 986 1868 1097 1939; x_wconf 88' lang='lat' dir='ltr'><strong>bideis</strong></span> <span class='ocrx_word' id='word_1_73' title='bbox 1118 1877 1154 1939; x_wconf 86' lang='lat' dir='ltr'><strong>et</strong></span> <span class='ocrx_word' id='word_1_74' title='bbox 1176 1890 1249 1960; x_wconf 76' lang='lat' dir='ltr'><strong>pm·</strong></span> 
     </span>
     <span class='ocr_line' id='line_1_13' title="bbox 162 1992 1248 2086; baseline -0.002 -21"><span class='ocrx_word' id='word_1_75' title='bbox 162 1996 314 2065; x_wconf 92' lang='lat' dir='ltr'><strong>donomo</strong></span> <span class='ocrx_word' id='word_1_76' title='bbox 329 1992 588 2064; x_wconf 72' lang='lat' dir='ltr'><strong>mandabatur⁵.</strong></span> <span class='ocrx_word' id='word_1_77' title='bbox 604 1998 647 2064; x_wconf 86' lang='lat' dir='ltr'><strong>At</strong></span> <span class='ocrx_word' id='word_1_78' title='bbox 660 1997 696 2063; x_wconf 93' lang='lat' dir='ltr'><strong>in</strong></span> <span class='ocrx_word' id='word_1_79' title='bbox 710 1997 913 2065; x_wconf 90' lang='lat' dir='ltr'><strong>uniuersum</strong></span> <span class='ocrx_word' id='word_1_80' title='bbox 922 1997 1070 2086; x_wconf 82' lang='lat' dir='ltr'><strong>ephoros</strong></span> <span class='ocrx_word' id='word_1_81' title='bbox 1079 2014 1148 2086; x_wconf 88' lang='lat' dir='ltr'><strong>qua</strong></span> <span class='ocrx_word' id='word_1_82' title='bbox 1166 1995 1248 2064; x_wconf 89' lang='lat' dir='ltr'><strong>dili-</strong></span> 
     </span>
     <span class='ocr_line' id='line_1_14' title="bbox 161 2120 1248 2213; baseline 0 -22"><span class='ocrx_word' id='word_1_83' title='bbox 161 2124 279 2213; x_wconf 86' lang='lat' dir='ltr'><strong>gentia</strong></span> <span class='ocrx_word' id='word_1_84' title='bbox 310 2126 529 2191; x_wconf 82' lang='lat' dir='ltr'><strong>exerceretur</strong></span> <span class='ocrx_word' id='word_1_85' title='bbox 559 2122 626 2190; x_wconf 85' lang='lat' dir='ltr'><strong>hoc</strong></span> <span class='ocrx_word' id='word_1_86' title='bbox 656 2120 808 2191; x_wconf 89' lang='lat' dir='ltr'><strong>officium</strong></span> <span class='ocrx_word' id='word_1_87' title='bbox 835 2123 1025 2212; x_wconf 83' lang='lat' dir='ltr'><strong>inspexisse</strong></span> <span class='ocrx_word' id='word_1_88' title='bbox 1057 2122 1248 2211; x_wconf 81' lang='lat' dir='ltr'><strong>Xenophon</strong></span> 
     </span>
     <span class='ocr_line' id='line_1_15' title="bbox 162 2245 1246 2340; baseline 0 -25"><span class='ocrx_word' id='word_1_89' title='bbox 162 2246 275 2329; x_wconf 86' lang='lat' dir='ltr'><strong>docet,</strong></span> <span class='ocrx_word' id='word_1_90' title='bbox 303 2266 383 2315; x_wconf 93' lang='lat' dir='ltr'><strong>cum</strong></span> <span class='ocrx_word' id='word_1_91' title='bbox 401 2250 468 2327; x_wconf 79' lang='grc' dir='ltr'>τοὺς</span> <span class='ocrx_word' id='word_1_92' title='bbox 487 2252 544 2317; x_wconf 75' lang='grc' dir='ltr'><strong>ἀπὸ</strong></span> <span class='ocrx_word' id='word_1_93' title='bbox 563 2248 699 2340; x_wconf 73' lang='grc' dir='ltr'>δημοσίου</span> <span class='ocrx_word' id='word_1_94' title='bbox 726 2252 841 2315; x_wconf 90' lang='lat' dir='ltr'><strong>narrat</strong></span> <span class='ocrx_word' id='word_1_95' title='bbox 867 2247 987 2336; x_wconf 88' lang='lat' dir='ltr'><strong>capitis</strong></span> <span class='ocrx_word' id='word_1_96' title='bbox 1014 2245 1246 2315; x_wconf 87' lang='lat' dir='ltr'><strong>deminutione</strong></span> 
     </span>
     <span class='ocr_line' id='line_1_16' title="bbox 162 2364 1242 2462; baseline -0.003 -21"><span class='ocrx_word' id='word_1_97' title='bbox 162 2371 305 2441; x_wconf 85' lang='lat' dir='ltr'><strong>saeuisse</strong></span> <span class='ocrx_word' id='word_1_98' title='bbox 331 2372 367 2438; x_wconf 95' lang='lat' dir='ltr'><strong>in</strong></span> <span class='ocrx_word' id='word_1_99' title='bbox 390 2391 451 2440; x_wconf 89' lang='lat' dir='ltr'><strong>eos</strong></span> <span class='ocrx_word' id='word_1_100' title='bbox 480 2372 538 2461; x_wconf 88' lang='lat' dir='ltr'><strong>qui</strong></span> <span class='ocrx_word' id='word_1_101' title='bbox 563 2371 698 2442; x_wconf 88' lang='lat' dir='ltr'><strong>labores</strong></span> <span class='ocrx_word' id='word_1_102' title='bbox 717 2378 777 2441; x_wconf 86' lang='lat' dir='ltr'><strong>aut</strong></span> <span class='ocrx_word' id='word_1_103' title='bbox 803 2372 956 2462; x_wconf 89' lang='lat' dir='ltr'><strong>pericula</strong></span> <span class='ocrx_word' id='word_1_104' title='bbox 980 2364 1242 2441; x_wconf 82' lang='lat' dir='ltr'><strong>detrectarent⁸.</strong></span> 
     </span>
     <span class='ocr_line' id='line_1_17' title="bbox 160 2496 1245 2588; baseline 0.004 -25"><span class='ocrx_word' id='word_1_105' title='bbox 160 2496 310 2565; x_wconf 86' lang='lat' dir='ltr'><strong>Aliunde</strong></span> <span class='ocrx_word' id='word_1_106' title='bbox 328 2498 546 2586; x_wconf 86' lang='lat' dir='ltr'><strong>magistratus</strong></span> <span class='ocrx_word' id='word_1_107' title='bbox 565 2497 706 2568; x_wconf 91' lang='lat' dir='ltr'><strong>eosdem</strong></span> <span class='ocrx_word' id='word_1_108' title='bbox 722 2499 850 2567; x_wconf 88' lang='lat' dir='ltr'><strong>scimus</strong></span> <span class='ocrx_word' id='word_1_109' title='bbox 863 2496 1040 2587; x_wconf 83' lang='lat' dir='ltr'><strong>praeiuisse</strong></span> <span class='ocrx_word' id='word_1_110' title='bbox 1054 2498 1087 2567; x_wconf 91' lang='lat' dir='ltr'><strong>ei</strong></span> <span class='ocrx_word' id='word_1_111' title='bbox 1110 2518 1245 2588; x_wconf 73' lang='lat' dir='ltr'><strong>pompae</strong></span> 
     </span>
     <span class='ocr_line' id='line_1_18' title="bbox 161 2620 1244 2713; baseline 0.003 -26"><span class='ocrx_word' id='word_1_112' title='bbox 161 2640 239 2709; x_wconf 84' lang='lat' dir='ltr'><strong>quae</strong></span> <span class='ocrx_word' id='word_1_113' title='bbox 258 2620 300 2689; x_wconf 91' lang='lat' dir='ltr'><strong>ab</strong></span> <span class='ocrx_word' id='word_1_114' title='bbox 320 2626 450 2689; x_wconf 85' lang='lat' dir='ltr'><strong>armata</strong></span> <span class='ocrx_word' id='word_1_115' title='bbox 458 2622 638 2689; x_wconf 89' lang='lat' dir='ltr'><strong>iuuentute</strong></span> <span class='ocrx_word' id='word_1_116' title='bbox 648 2622 691 2689; x_wconf 91' lang='lat' dir='ltr'><strong>ad</strong></span> <span class='ocrx_word' id='word_1_117' title='bbox 702 2622 862 2691; x_wconf 79' lang='lat' dir='ltr'><strong>Minerua</strong></span> <span class='ocrx_word' id='word_1_118' title='bbox 870 2623 1059 2693; x_wconf 85' lang='lat' dir='ltr'><strong>Chalcioeci</strong></span> <span class='ocrx_word' id='word_1_119' title='bbox 1074 2624 1244 2713; x_wconf 89' lang='lat' dir='ltr'><strong>templum</strong></span> 
     </span>
     <span class='ocr_line' id='line_1_19' title="bbox 159 2742 1245 2837; baseline 0.006 -26"><span class='ocrx_word' id='word_1_120' title='bbox 159 2742 348 2813; x_wconf 87' lang='lat' dir='ltr'><strong>ducebatur</strong></span> <span class='ocrx_word' id='word_1_121' title='bbox 367 2742 379 2773; x_wconf 89' lang='lat'>⁷</span> <span class='ocrx_word' id='word_1_122' title='bbox 401 2751 435 2814; x_wconf 88' lang='lat' dir='ltr'><strong>et</strong></span> <span class='ocrx_word' id='word_1_123' title='bbox 461 2745 673 2815; x_wconf 90' lang='lat' dir='ltr'><strong>solemnibus</strong></span> <span class='ocrx_word' id='word_1_124' title='bbox 707 2746 819 2831; x_wconf 79' lang='lat' dir='ltr'><strong>ludia,</strong></span> <span class='ocrx_word' id='word_1_125' title='bbox 853 2748 979 2837; x_wconf 87' lang='lat' dir='ltr'><strong>quibus</strong></span> <span class='ocrx_word' id='word_1_126' title='bbox 1011 2768 1139 2817; x_wconf 92' lang='lat' dir='ltr'><strong>nomen</strong></span> <span class='ocrx_word' id='word_1_127' title='bbox 1170 2756 1245 2817; x_wconf 87' lang='lat' dir='ltr'><strong>erat</strong></span> 
     </span>
     <span class='ocr_line' id='line_1_20' title="bbox 159 2864 1245 2965; baseline 0.001 -24"><span class='ocrx_word' id='word_1_128' title='bbox 159 2872 365 2965; x_wconf 76' lang='grc' dir='ltr'><strong>γυμνοπαιδίαι</strong></span> <span class='ocrx_word' id='word_1_129' title='bbox 384 2864 409 2936; x_wconf 86' lang='lat'><strong>⁸.</strong></span> <span class='ocrx_word' id='word_1_130' title='bbox 432 2871 541 2960; x_wconf 87' lang='lat' dir='ltr'><strong>Supra</strong></span> <span class='ocrx_word' id='word_1_131' title='bbox 568 2870 717 2941; x_wconf 85' lang='lat' dir='ltr'><strong>diximus</strong></span> <span class='ocrx_word' id='word_1_132' title='bbox 745 2872 787 2939; x_wconf 90' lang='lat' dir='ltr'><strong>ab</strong></span> <span class='ocrx_word' id='word_1_133' title='bbox 809 2872 860 2941; x_wconf 90' lang='lat' dir='ltr'><strong>eis</strong></span> <span class='ocrx_word' id='word_1_134' title='bbox 879 2878 949 2941; x_wconf 88' lang='lat' dir='ltr'><strong>tres</strong></span> <span class='ocrx_word' id='word_1_135' title='bbox 971 2872 1189 2962; x_wconf 83' lang='lat' dir='ltr'><strong>hippagretas</strong></span> <span class='ocrx_word' id='word_1_136' title='bbox 1209 2880 1245 2942; x_wconf 90' lang='lat' dir='ltr'><strong>et</strong></span> 
     </span>
     <span class='ocr_line' id='line_1_21' title="bbox 156 2988 1243 3095; baseline 0.007 -34"><span class='ocrx_word' id='word_1_137' title='bbox 156 2994 382 3083; x_wconf 85' lang='lat' dir='ltr'><strong>agathoergos</strong></span> <span class='ocrx_word' id='word_1_138' title='bbox 396 2994 503 3063; x_wconf 89' lang='lat' dir='ltr'><strong>lectos</strong></span> <span class='ocrx_word' id='word_1_139' title='bbox 512 2988 620 3063; x_wconf 82' lang='lat' dir='ltr'><strong>esse⁹.</strong></span> <span class='ocrx_word' id='word_1_140' title='bbox 632 2992 683 3061; x_wconf 90' lang='lat' dir='ltr'><strong>Ab</strong></span> <span class='ocrx_word' id='word_1_141' title='bbox 694 2993 744 3063; x_wconf 89' lang='lat' dir='ltr'><strong>eis</strong></span> <span class='ocrx_word' id='word_1_142' title='bbox 755 2994 905 3085; x_wconf 86' lang='lat' dir='ltr'><strong>denique</strong></span> <span class='ocrx_word' id='word_1_143' title='bbox 915 2996 1076 3067; x_wconf 85' lang='lat' dir='ltr'><strong>indictam</strong></span> <span class='ocrx_word' id='word_1_144' title='bbox 1085 3006 1243 3095; x_wconf 68' lang='grc' dir='ltr'><strong><em>κρυπτειάν</em></strong></span> 
     </span>
    </p>
   </div>
   <div class='ocr_carea' id='block_1_3' title="bbox 156 3162 1235 4219">
    <p class='ocr_par' dir='ltr' id='par_1_4' title="bbox 200 3162 538 3245">
     <span class='ocr_line' id='line_1_22' title="bbox 200 3162 538 3245; baseline -0.015 -15"><span class='ocrx_word' id='word_1_145' title='bbox 200 3172 210 3207; x_wconf 88' lang='lat'>¹</span> <span class='ocrx_word' id='word_1_146' title='bbox 236 3166 285 3230; x_wconf 83' lang='lat' dir='ltr'><strong>Of.</strong></span> <span class='ocrx_word' id='word_1_147' title='bbox 302 3183 385 3245; x_wconf 84' lang='lat' dir='ltr'><strong>sup,</strong></span> <span class='ocrx_word' id='word_1_148' title='bbox 401 3184 468 3245; x_wconf 82' lang='lat' dir='ltr'><strong>pag.</strong></span> <span class='ocrx_word' id='word_1_149' title='bbox 487 3162 538 3228; x_wconf 87' lang='grc'><strong>63.</strong></span> 
     </span>
    </p>

    <p class='ocr_par' dir='ltr' id='par_1_5' title="bbox 197 3274 984 3357">
     <span class='ocr_line' id='line_1_23' title="bbox 197 3274 984 3357; baseline 0.009 -21"><span class='ocrx_word' id='word_1_150' title='bbox 197 3279 210 3317; x_wconf 83' lang='lat'>²</span> <span class='ocrx_word' id='word_1_151' title='bbox 234 3276 381 3354; x_wconf 77' lang='lat' dir='ltr'><strong>Thucyd&#39;,</strong></span> <span class='ocrx_word' id='word_1_152' title='bbox 397 3274 423 3348; x_wconf 92' lang='lat'><strong>1,</strong></span> <span class='ocrx_word' id='word_1_153' title='bbox 445 3274 582 3338; x_wconf 86' lang='lat' dir='ltr'><strong>l3l·135.</strong></span> <span class='ocrx_word' id='word_1_154' title='bbox 604 3276 696 3339; x_wconf 83' lang='lat' dir='ltr'><strong>Corn.</strong></span> <span class='ocrx_word' id='word_1_155' title='bbox 713 3278 785 3357; x_wconf 82' lang='lat' dir='ltr'><strong>Nep.</strong></span> <span class='ocrx_word' id='word_1_156' title='bbox 806 3278 936 3354; x_wconf 72' lang='lat' dir='ltr'><strong>Prason,</strong></span> <span class='ocrx_word' id='word_1_157' title='bbox 953 3278 984 3343; x_wconf 84' lang='lat'><strong>5.</strong></span> 
     </span>
    </p>

    <p class='ocr_par' dir='ltr' id='par_1_6' title="bbox 200 3382 505 3464">
     <span class='ocr_line' id='line_1_24' title="bbox 200 3382 505 3464; baseline 0.013 -23"><span class='ocrx_word' id='word_1_158' title='bbox 200 3384 213 3422; x_wconf 84' lang='lat'>³</span> <span class='ocrx_word' id='word_1_159' title='bbox 236 3382 334 3457; x_wconf 66' lang='lat' dir='ltr'><strong>Paua,</strong></span> <span class='ocrx_word' id='word_1_160' title='bbox 351 3384 438 3464; x_wconf 74' lang='lat' dir='ltr'><strong>hya,</strong></span> <span class='ocrx_word' id='word_1_161' title='bbox 459 3382 505 3445; x_wconf 88' lang='grc'><strong>16.</strong></span> 
     </span>
    </p>

    <p class='ocr_par' dir='ltr' id='par_1_7' title="bbox 200 3489 911 3576">
     <span class='ocr_line' id='line_1_25' title="bbox 200 3489 911 3576; baseline 0.001 -22"><span class='ocrx_word' id='word_1_162' title='bbox 200 3490 213 3529; x_wconf 72' lang='lat'>⁴</span> <span class='ocrx_word' id='word_1_163' title='bbox 236 3494 297 3566; x_wconf 72' lang='lat' dir='ltr'><strong>ld,</strong></span> <span class='ocrx_word' id='word_1_164' title='bbox 313 3490 398 3564; x_wconf 83' lang='lat' dir='ltr'><strong>ibid,</strong></span> <span class='ocrx_word' id='word_1_165' title='bbox 420 3489 467 3566; x_wconf 87' lang='lat'><strong>19,</strong></span> <span class='ocrx_word' id='word_1_166' title='bbox 484 3491 534 3555; x_wconf 74' lang='lat'><strong>20.</strong></span> <span class='ocrx_word' id='word_1_167' title='bbox 558 3493 605 3556; x_wconf 83' lang='lat' dir='ltr'><strong>Gi.</strong></span> <span class='ocrx_word' id='word_1_168' title='bbox 625 3494 717 3558; x_wconf 82' lang='lat' dir='ltr'><strong>Corn.</strong></span> <span class='ocrx_word' id='word_1_169' title='bbox 733 3496 820 3575; x_wconf 66' lang='lat' dir='ltr'><strong>Nep„</strong></span> <span class='ocrx_word' id='word_1_170' title='bbox 838 3494 911 3576; x_wconf 78' lang='lat' dir='ltr'><strong>hya.</strong></span> 
     </span>
    </p>

    <p class='ocr_par' dir='ltr' id='par_1_8' title="bbox 156 3600 1235 3785">
     <span class='ocr_line' id='line_1_26' title="bbox 200 3600 1235 3689; baseline 0.01 -29"><span class='ocrx_word' id='word_1_171' title='bbox 200 3602 212 3639; x_wconf 80' lang='lat'>⁵</span> <span class='ocrx_word' id='word_1_172' title='bbox 232 3600 379 3678; x_wconf 63' lang='lat' dir='ltr'><strong>Kanope,</strong></span> <span class='ocrx_word' id='word_1_173' title='bbox 398 3600 444 3660; x_wconf 88' lang='lat' dir='ltr'><strong>De</strong></span> <span class='ocrx_word' id='word_1_174' title='bbox 458 3601 504 3662; x_wconf 87' lang='lat' dir='ltr'><strong>Re</strong></span> <span class='ocrx_word' id='word_1_175' title='bbox 518 3600 602 3680; x_wconf 90' lang='lat' dir='ltr'><strong>publ.</strong></span> <span class='ocrx_word' id='word_1_176' title='bbox 621 3603 839 3679; x_wconf 74' lang='lat' dir='ltr'><strong>Lacedaemon,</strong></span> <span class='ocrx_word' id='word_1_177' title='bbox 856 3605 899 3679; x_wconf 85' lang='lat'><strong>11,</strong></span> <span class='ocrx_word' id='word_1_178' title='bbox 916 3604 946 3681; x_wconf 76' lang='lat'><strong>2,</strong></span> <span class='ocrx_word' id='word_1_179' title='bbox 966 3602 1012 3667; x_wconf 88' lang='grc'><strong>111.</strong></span> <span class='ocrx_word' id='word_1_180' title='bbox 1035 3604 1131 3683; x_wconf 77' lang='lat' dir='ltr'><strong>Ptol..</strong></span> <span class='ocrx_word' id='word_1_181' title='bbox 1148 3606 1235 3689; x_wconf 73' lang='lat' dir='ltr'><strong>hya,</strong></span> 
     </span>
     <span class='ocr_line' id='line_1_27' title="bbox 156 3708 269 3785; baseline -0.009 -12"><span class='ocrx_word' id='word_1_182' title='bbox 156 3708 203 3785; x_wconf 92' lang='grc'><strong>13,</strong></span> <span class='ocrx_word' id='word_1_183' title='bbox 223 3710 269 3772; x_wconf 86' lang='grc'><strong>17.</strong></span> 
     </span>
    </p>

    <p class='ocr_par' dir='ltr' id='par_1_9' title="bbox 193 3816 967 3899">
     <span class='ocr_line' id='line_1_28' title="bbox 193 3816 967 3899; baseline 0.009 -21"><span class='ocrx_word' id='word_1_184' title='bbox 193 3820 205 3855; x_wconf 78' lang='lat'><em>⁶</em></span> <span class='ocrx_word' id='word_1_185' title='bbox 228 3820 376 3897; x_wconf 63' lang='lat' dir='ltr'><strong>Xenopb„</strong></span> <span class='ocrx_word' id='word_1_186' title='bbox 395 3819 441 3880; x_wconf 90' lang='lat' dir='ltr'><strong>De</strong></span> <span class='ocrx_word' id='word_1_187' title='bbox 456 3820 501 3882; x_wconf 85' lang='lat' dir='ltr'><strong>Rc</strong></span> <span class='ocrx_word' id='word_1_188' title='bbox 517 3816 598 3899; x_wconf 89' lang='lat' dir='ltr'><strong>publ.</strong></span> <span class='ocrx_word' id='word_1_189' title='bbox 617 3819 837 3895; x_wconf 64' lang='lat' dir='ltr'><strong>Lacedaemon,</strong></span> <span class='ocrx_word' id='word_1_190' title='bbox 861 3819 921 3897; x_wconf 87' lang='grc' dir='ltr'><strong>ΙΙΙ,</strong></span> <span class='ocrx_word' id='word_1_191' title='bbox 938 3820 967 3885; x_wconf 88' lang='lat'><strong>3.</strong></span> 
     </span>
    </p>

    <p class='ocr_par' dir='ltr' id='par_1_10' title="bbox 193 3924 639 4003">
     <span class='ocr_line' id='line_1_29' title="bbox 193 3924 639 4003; baseline 0.004 -16"><span class='ocrx_word' id='word_1_192' title='bbox 193 3930 205 3963; x_wconf 76' lang='lat'>⁷</span> <span class='ocrx_word' id='word_1_193' title='bbox 227 3926 276 3987; x_wconf 82' lang='lat' dir='ltr'><strong>Gi.</strong></span> <span class='ocrx_word' id='word_1_194' title='bbox 294 3924 375 4003; x_wconf 76' lang='lat' dir='ltr'><strong>Pol,</strong></span> <span class='ocrx_word' id='word_1_195' title='bbox 390 3926 446 4000; x_wconf 90' lang='lat' dir='ltr'><strong>IV,</strong></span> <span class='ocrx_word' id='word_1_196' title='bbox 466 3925 515 3999; x_wconf 84' lang='lat'><strong>35,</strong></span> <span class='ocrx_word' id='word_1_197' title='bbox 533 3928 594 3989; x_wconf 68' lang='lat' dir='ltr'><strong>let</strong></span> <span class='ocrx_word' id='word_1_198' title='bbox 609 3927 639 3989; x_wconf 88' lang='lat'><strong>9.</strong></span> 
     </span>
    </p>

    <p class='ocr_par' dir='ltr' id='par_1_11' title="bbox 194 4033 924 4116">
     <span class='ocr_line' id='line_1_30' title="bbox 194 4033 924 4116; baseline 0.01 -23"><span class='ocrx_word' id='word_1_199' title='bbox 194 4034 207 4071; x_wconf 82' lang='lat'>⁸</span> <span class='ocrx_word' id='word_1_200' title='bbox 227 4034 374 4112; x_wconf 59' lang='lat' dir='ltr'><strong>Xenopb,</strong></span> <span class='ocrx_word' id='word_1_201' title='bbox 394 4034 525 4109; x_wconf 66' lang='lat' dir='ltr'><strong>Hellen„</strong></span> <span class='ocrx_word' id='word_1_202' title='bbox 542 4033 598 4109; x_wconf 86' lang='lat' dir='ltr'><strong>Vl,</strong></span> <span class='ocrx_word' id='word_1_203' title='bbox 616 4035 646 4111; x_wconf 83' lang='lat'><strong>4,</strong></span> <span class='ocrx_word' id='word_1_204' title='bbox 666 4034 702 4098; x_wconf 87' lang='grc'><strong>16</strong></span> <span class='ocrx_word' id='word_1_205' title='bbox 716 4042 745 4098; x_wconf 89' lang='lat' dir='ltr'><strong>et</strong></span> <span class='ocrx_word' id='word_1_206' title='bbox 761 4036 869 4116; x_wconf 83' lang='lat' dir='ltr'><strong>Agea,</strong></span> <span class='ocrx_word' id='word_1_207' title='bbox 886 4037 924 4101; x_wconf 71' lang='lat'><strong>29</strong></span> 
     </span>
    </p>

    <p class='ocr_par' dir='ltr' id='par_1_12' title="bbox 196 4138 524 4219">
     <span class='ocr_line' id='line_1_31' title="bbox 196 4138 524 4219; baseline -0.009 -17"><span class='ocrx_word' id='word_1_208' title='bbox 196 4140 208 4175; x_wconf 79' lang='lat'><strong>⁹</strong></span> <span class='ocrx_word' id='word_1_209' title='bbox 231 4138 280 4202; x_wconf 84' lang='lat' dir='ltr'><strong>Oi.</strong></span> <span class='ocrx_word' id='word_1_210' title='bbox 296 4155 376 4218; x_wconf 86' lang='lat' dir='ltr'><strong>sup,</strong></span> <span class='ocrx_word' id='word_1_211' title='bbox 394 4155 459 4219; x_wconf 83' lang='lat' dir='ltr'><strong>pag.</strong></span> <span class='ocrx_word' id='word_1_212' title='bbox 475 4138 524 4201; x_wconf 88' lang='grc'><strong>94.</strong></span> 
     </span>
    </p>
   </div>
   <div class='ocr_carea' id='block_1_4' title="bbox 0 0 1584 5059">
    <p class='ocr_par' dir='ltr' id='par_1_13' title="bbox 0 0 1584 5059">
     <span class='ocr_line' id='line_1_32' title="bbox 0 0 1584 5059; baseline 0 8"><span class='ocrx_word' id='word_1_213' title='bbox 0 0 1584 5059; x_wconf 95' lang='lat' dir='ltr'><strong> </strong></span> 
     </span>
    </p>
   </div>
  </div>
 </body>
</html>
