3159 5059
833 469 993 533 ..12-

358 607 572 691 memoriam,
585 606 782 696 singillatim
792 607 835 677 de
850 609 1058 697 ephororum
1075 626 1218 676 munere
1230 607 1439 696 disputatum

358 737 422 814 est,
439 751 553 822 neque
567 730 675 799 ullam
693 733 797 801 huius
815 732 950 821 collegii
965 732 1144 800 historiam
1159 731 1349 801 confectam
1363 752 1439 802 esse

357 855 565 943 accepimus,
915 866 919 870 ’

405 980 573 1048 Extremis
587 982 680 1049 enim
693 980 905 1070 temporibus
922 980 964 1049 ad
979 979 1182 1070 explicanda
1196 1001 1341 1069 quaeque
1355 980 1436 1048 ciui-

355 1109 464 1172 tatum
483 1105 636 1174 instituta
653 1106 836 1195 scriptores
862 1107 964 1194 graeei
984 1105 1127 1175 demum
1150 1106 1303 1173 animum
1323 1107 1437 1173 inton-
1492 1128 1497 1136 ·

354 1228 490 1315 derunt,
522 1232 581 1320 qui
601 1252 657 1300 res
678 1237 791 1320 gestas
814 1232 969 1300 uirorum
998 1236 1056 1299 aut
1080 1251 1301 1300 communem
1328 1232 1438 1320 gentis

354 1356 520 1447 cuiusque
547 1356 699 1427 indolem
728 1358 912 1447 depingere
943 1356 1001 1425 diu
1032 1358 1239 1441 maluerunt,
1265 1355 1435 1445 quamde

353 1480 605 1568 magistratibus
636 1483 778 1571 singulis
814 1482 1006 1553 distinctius
1041 1482 1166 1551 dicere.
1193 1483 1311 1571 Neque
1341 1481 1436 1570 prius

351 1605 587 1674 huiuscemodi
603 1607 714 1675 studia
723 1609 882 1697 placuere
899 1631 1001 1699 quam
1012 1608 1238 1700 philosophiae
1253 1605 1433 1695 disciplina

350 1752 464 1803 mores
484 1735 656 1804 informati
676 1742 765 1805 sunt.

399 1840 480 1928 lude
513 1861 665 1950 sequitur
692 1867 730 1929 ut
770 1875 995 1953 rpuaecumque
1026 1863 1068 1932 dc
1100 1862 1237 1952 ephoris
1273 1860 1373 1928 nobis
1414 1879 1434 1925 a

332 1982 336 1989 ’
349 1985 570 2073 scriptoribus
589 1988 708 2075 graeois
722 1987 903 2056 traduntur
923 2008 999 2056 rara
1012 1988 1092 2071 sint,
1103 1994 1137 2056 et
1152 2008 1193 2055 ea
1207 1984 1348 2077 quidem
1362 1982 1434 2051 dis-

349 2110 448 2194 iecta,
470 2113 504 2179 in
519 2114 654 2181 nullum
677 2112 840 2182 doctrinae
859 2135 984 2204 corpus
1007 2122 1168 2202 congesta
1190 2112 1317 2181 fuerint
1345 2108 1436 2201 apud

349 2241 496 2304 ueteres,
519 2239 605 2305 Nam
631 2260 707 2327 quae
730 2239 771 2307 de
790 2240 859 2307 illis
885 2241 927 2308 ab
953 2241 1074 2308 ultima
1105 2238 1302 2338 antiquitate
1333 2256 1435 2325 repe-

348 2365 465 2429 tuntur
502 2364 537 2429 in
569 2364 684 2432 multis
715 2366 822 2433 aetatis
850 2366 998 2433 heroicae
1028 2364 1153 2433 fabulis
1186 2366 1429 2438 numerantur;

347 2506 423 2575 quae
443 2492 558 2554 autem
571 2487 721 2555 historiae
746 2488 815 2557 fide
835 2490 1056 2580 comprobata
1079 2488 1179 2557 nohis
1200 2485 1333 2576 prodita
1353 2490 1433 2552 sunt

348 2611 389 2679 ab
409 2610 593 2697 Herodoto,
615 2612 825 2701 Thucydide,
844 2614 1068 2702 Xenophonte
1085 2614 1120 2679 in
1135 2612 1332 2694 Hellenicis,
1349 2610 1430 2677 Plu-

350 2734 466 2802 tarcho
487 2734 522 2801 in
541 2734 746 2825 quibusdam
764 2737 919 2805 Vitarum
939 2738 1024 2805 locis
1053 2736 1210 2826 quamvis
1232 2734 1274 2803 de
1294 2733 1432 2823 ephoris

347 2857 454 2926 multo
475 2859 664 2926 accuratius
683 2880 747 2927 nos
768 2859 923 2945 doceant,
947 2860 1144 2929 summatim
1169 2879 1289 2928 eorum
1308 2855 1430 2925 condi-

348 2980 481 3049 cionem
507 2988 539 3049 et
559 2982 710 3050 indolem
734 2982 942 3051 describunt.
975 2985 1041 3052 Eos
1066 2984 1158 3053 onim
1181 3002 1317 3071 semper
1351 3000 1430 3048 cum

347 3104 486 3193 regibus
505 3106 562 3174 uel
590 3107 755 3195 patribus,
777 3110 834 3177 uel
863 3108 1020 3178 contione
1051 3109 1187 3196 negotia
1205 3107 1341 3197 publica
1366 3124 1428 3193 ge-

348 3235 463 3298 rentes
481 3230 646 3299 inducunt
676 3233 871 3322 scriptores,
894 3234 939 3301 ita
961 3254 1040 3301 cum
1059 3233 1108 3300 rei
1127 3232 1272 3321 puhlicae
1291 3230 1429 3298 fortuna

349 3354 558 3422 consociatos
577 3359 626 3438 ut,
649 3356 683 3423 in
703 3376 819 3425 rerum
839 3357 1071 3425 laconicarum
1100 3358 1253 3439 historia,
1282 3356 1428 3424 ciuitatis

349 3483 382 3546 ot
396 3480 579 3568 ephoratus
594 3482 721 3549 mentio
738 3502 828 3571 saepe
843 3483 1007 3550 habeatur
1020 3503 1101 3550 una.

397 3604 477 3671 Haeo
491 3603 534 3671 ad
556 3624 616 3673 eos
635 3605 806 3693 pertinent
834 3606 893 3694 qui
920 3606 961 3673 ad
976 3604 1185 3673 narrandum
1204 3605 1424 3694 scripserunt,

347 3750 426 3797 oum
444 3729 529 3797 nihil
539 3730 609 3798 fere
625 3730 667 3799 de
676 3731 813 3818 ephoris
827 3730 948 3800 litteris
962 3730 1200 3799 mandauerint
1214 3728 1308 3820 quod
1324 3730 1425 3819 epho-

346 3854 405 3922 riae
446 3855 617 3945 peculiare
652 3851 730 3939 sit¹,
763 3856 856 3923 aliud
874 3856 1048 3945 inceptum
1077 3865 1289 3949 peragentes.
1321 3860 1370 3928 De
1388 3858 1431 3925 iis

387 4032 398 4067 ¹
420 4026 500 4101 Quid
523 4029 702 4094 censendum
726 4029 860 4092 uideatur
874 4031 910 4093 de
931 4032 1043 4110 origiue
1057 4040 1222 4104 etmuuere
1237 4033 1416 4113 ephororum

349 4136 425 4215 opud
450 4136 642 4200 Plutarchum
665 4139 694 4199 in
709 4140 766 4200 vito
781 4138 961 4215 Cleomenis,
979 4139 1037 4201 ud.
1053 4140 1134 4215 iulo,
1153 4159 1216 4222 pag.
1234 4126 1352 4223 td'sqq.
