3159 5059
815 460 974 523 -70-

402 596 562 693 Superest
578 607 692 671 tumen
703 600 787 671 illud
800 601 991 670 Aristotelis
1001 599 1236 671 testimoninm
1252 602 1432 672 «incidere

352 748 443 817 saepe
467 728 650 817 ephoratus
679 727 878 817 dignitatem
896 727 933 794 in
950 725 1107 795 homines
1125 727 1265 795 omnino
1297 749 1431 818 paupe·

350 849 426 921 res¹
449 876 481 918 u.
505 852 577 921 Hoc
596 852 769 921 notatione
788 850 930 940 dignum
945 848 1104 939 estquod
1123 849 1207 918 dixit
1225 851 1431 920 Aristoteles

350 977 438 1046 hane
467 976 701 1065 dignitatem«
725 998 814 1066 saepe
835 1000 852 1042 r
871 972 1034 1069 (πολλάκις)
1054 977 1236 1065 contigisse
1264 976 1428 1065 pauperi-

294 1160 297 1167 .
349 1101 414 1171 bus
432 1127 440 1189 3
464 1122 534 1171 non
548 1102 652 1171 dixit:
677 1125 694 1168 u
713 1122 847 1192 semper
864 1095 978 1198 »(άεί).
996 1103 1066 1171 Nec
1080 1102 1218 1187 mirum,
1235 1122 1315 1171 cnm
1328 1102 1426 1170 Aris-

350 1226 461 1295 totelis
480 1231 588 1310 aetate,
612 1227 647 1294 in
665 1246 793 1316 paucos
812 1228 972 1296 cessisset
990 1247 1068 1315 pars
1081 1226 1191 1295 maior
1211 1225 1422 1310 diuitiarum,

349 1354 379 1421 si
404 1354 502 1422 multi
528 1354 724 1422 restiterunt
751 1353 859 1436 uince,
888 1351 1013 1441 quibus
1044 1352 1130 1420 nihil
1159 1352 1305 1441 amplius
1333 1359 1430 1422 esset

348 1478 470 1567 reliqui
499 1495 602 1568 quum
632 1484 668 1546 ut
690 1479 806 1548 ciuilia
833 1479 920 1561 iura,
950 1496 1046 1572 more
1075 1476 1214 1565 antiquo
1238 1496 1274 1545 se
1302 1474 1428 1567 dignos

333 1612 518 1696 gerentes
543 1607 743 1676 obtinerent.
777 1609 913 1676 Atrion
938 1613 1035 1675 erant
1057 1607 1092 1675 hi
1114 1606 1258 1674 fortasse
1286 1606 1330 1675 ad
1348 1626 1427 1675 eam

349 1734 500 1824 inopiam
517 1733 643 1804 redacti
669 1741 793 1805 utnon
821 1742 1024 1825 anteaquam
1050 1736 1234 1824 ephoratus
1261 1733 1427 1822 dignitate

250 1895 252 1899 Α
348 1859 549 1947 potirentur,
571 1858 718 1947 syssitiis
732 1856 1005 1928 accubuissent².
1028 1859 1149 1927 Modus
1168 1864 1219 1928 est
1233 1858 1373 1947 quidam
1387 1859 1425 1926 in

348 1982 402 2050 his
420 1981 523 2051 rebus
537 1982 715 2051 habendus
732 2007 740 2069 3
759 2003 875 2052 nonne
889 1983 1100 2072 peruulgatis
1115 1983 1280 2073 exemplis
1289 1984 1427 2051 romani

348 2111 486 2175 senatus
500 2106 600 2175 lectio
620 2106 854 2197 comprobauit
871 2108 1035 2177 idoneum
1053 2128 1196 2177 censum
1208 2106 1347 2177 tandem
1361 2108 1427 2178 de-

278 2278 285 2291 .
347 2224 471 2299 fecisse
482 2236 656 2301 senatores
667 2230 836 2320 quosdam
850 2237 883 2301 et
897 2252 957 2301 eos
970 2232 1095 2301 idcirco
1110 2253 1129 2301 e
1143 2232 1237 2301 curia
1252 2232 1397 2301 cessisse
1409 2238 1426 2299 t

347 2352 447 2422 Haud
466 2354 586 2445 inopes
606 2361 721 2425 tamen
741 2361 837 2425 erant
849 2356 925 2443 illi3
947 2355 1009 2426 sed
1027 2378 1088 2446 pro
1113 2357 1283 2425 senatorio
1303 2356 1426 2427 ordine

347 2480 580 2570 pauperiores
594 2481 652 2572 qui
671 2482 895 2551 nihilominus
918 2483 1030 2571 priore
1053 2482 1198 2552 lectione
1218 2483 1254 2551 in
1267 2487 1427 2551 senatum

347 2605 485 2675 fuerant
505 2605 639 2677 adlecti.

396 2730 492 2809 Quod
506 2734 534 2801 si
550 2732 591 2801 ab
612 2732 749 2822 ephoris
765 2733 971 2824 quibusdam
981 2740 1181 2824 temptatum
1196 2754 1272 2803 esse
1290 2740 1329 2803 ut
1342 2739 1429 2823 opes

346 2854 411 2924 sibi
430 2861 603 2947 pararent,
625 2857 672 2925 ita
686 2863 725 2926 ut
743 2858 886 2927 uenales
903 2857 1024 2926 fierent
1038 2854 1065 2942 ⁸,
1083 2856 1264 2926 contendat
1284 2856 1423 2946 aliqum,

345 2998 416 3048 non
435 2981 622 3055 infitiamur
643 3004 651 3068 ;
674 2982 778 3050 nullis
802 3002 884 3050 uero
911 2982 1119 3070 argumentis
1143 2980 1311 3050 euincitur
1329 2986 1427 3050 extra

284 3178 285 3181 ,
346 3104 441 3174 ciues
460 3106 588 3195 optimo
608 3105 682 3175 iure
706 3106 858 3175 fruentes
884 3105 1031 3194 ephoros
1050 3125 1203 3195 unquam
1223 3103 1426 3192 desumptus

346 3245 433 3299 esse.
458 3229 597 3314 Cuncta,
619 3234 748 3313 contra,
764 3249 839 3318 quae
860 3226 903 3296 de
922 3227 1111 3317 republica
1129 3225 1426 3317 spartenatradita

386 3420 395 3459 ¹
419 3424 527 3500 Arist,
546 3422 627 3499 Pol„
644 3424 686 3500 ΙΙ,
703 3422 733 3498 6,
753 3422 801 3487 14.
821 3424 921 3500 12701),
938 3424 968 3500 9,
987 3425 1035 3500 10,
1054 3425 1150 3488 Bekk.
1167 3425 1238 3489 mai.
1256 3445 1263 3489 :
1279 3431 1347 3489 ῶστι
1360 3431 1427 3490 πολ-

345 3540 413 3605 λάκις
427 3540 591 3617 ἐμπίπτουσιν
605 3536 728 3617 ἄνθρωποι
742 3535 837 3616 σφόδρα
849 3540 953 3604 chnut:
967 3543 1000 3603 tic
1015 3543 1045 3595 τὸ
1058 3544 1170 3618 ἀρχεῖον.

384 3638 1430 3728 ‘MMOEQEQQfflffifflffiAEfflmdmffo

344 3761 394 3836 peip
417 3756 474 3830 trev
486 3754 631 3833 συσσιτίων]
648 3763 678 3815 οὺ
691 3754 775 3835 ppido
790 3765 843 3822 τοῖς
856 3757 910 3815 λίαν
923 3758 1037 3823 πένησιν,
1059 3754 1139 3834 quod
1162 3753 1287 3818 uerbum
1308 3755 1429 3835 quidem

345 3861 451 3923 iudicat
460 3863 540 3925 ciues
553 3862 695 3942 quosdam
707 3862 845 3941 quamuis
858 3879 1003 3943 pauperes
1015 3861 1053 3923 ud
1067 3863 1183 3943 syssitiu
1192 3862 1332 3926 accedere
1343 3865 1428 3927 uisos

345 3986 423 4044 esse,
441 3978 472 4031 ut
486 3987 540 4033 sua
554 3972 620 4032 iura
636 3977 802 4031 seruarent.
993 4009 998 4017 ·

383 4077 396 4111 ⁸
416 4078 523 4151 Arist,
541 4074 582 4150 ΙΙ,
599 4074 628 4151 6,
649 4075 692 4139 14.
713 4068 814 4151 turoi,
837 4073 942 4153 ΙΙΙ-12,
958 4074 1053 4138 Beldr.
1070 4077 1140 4141 mai.
