3159 5059
579 582 618 593 -
640 548 678 610 25
698 582 738 595 -

117 678 359 779 Xenophonte,
390 677 474 777 quin
499 690 601 758 etiam
625 710 685 779 par
713 688 1009 779 diligentissimam
1037 692 1200 783 Stagiritae

117 815 326 883 industriam
350 815 490 883 annales
514 823 548 884 et
572 816 694 905 prioris
716 816 782 883 aeui
810 816 916 886 libros
942 819 1113 903 euolutos,
1138 840 1202 889 nec

116 962 193 1012 non
206 941 387 1009 hominum
401 943 604 1010 memoriam
620 942 864 1030 interrogatam
877 964 966 1013 esse.

172 1070 217 1138 At
231 1070 266 1138 in
289 1089 331 1138 eo
355 1068 551 1139 discrimine
570 1068 734 1158 temporis
757 1070 867 1138 multa
895 1070 937 1139 de
962 1071 1204 1161 Spartanorum

121 1217 161 1265 re
184 1194 320 1285 publica
340 1196 431 1264 edita
449 1194 556 1265 luisse
575 1196 652 1286 quis
674 1201 789 1285 neget,
808 1216 887 1265 cum
909 1196 1108 1269 Aristoteles
1123 1199 1203 1268 Thi·

122 1324 236 1391 hrona
263 1321 433 1392 nominet¹
460 1328 494 1391 et
519 1322 675 1412 Ephorus
702 1320 795 1411 apud
822 1324 1022 1395 Strabonem
1050 1323 1139 1395 dicat
1161 1325 1204 1396 de

124 1446 334 1539 quibusdam
348 1447 407 1538 qui
421 1448 573 1517 laconica
589 1446 741 1516 instituta
755 1468 774 1516 e
790 1448 923 1517 creticis
934 1450 1096 1541 pleraque
1109 1452 1203 1520 insti·

124 1576 209 1643 tutis
232 1574 433 1664 deprompta
458 1594 533 1643 essa
557 1570 816 1643 asseruerint²l
835 1574 1042 1664 Scriptorum
1061 1576 1206 1647 istorum

122 1702 212 1769 nihil
227 1700 321 1771 aliud
340 1720 443 1791 qnam
466 1702 606 1769 nomina
623 1700 751 1791 aliquot
766 1708 971 1791 supersunt3
990 1702 1055 1772 hoc
1075 1709 1206 1774 tantum

123 1831 339 1917 compertum
358 1833 410 1897 est
431 1826 636 1917 quibusdam
654 1828 801 1896 cretensi
821 1828 1054 1897 constitutioni
1069 1830 1206 1899 similli-

124 1972 220 2021 mam
239 1954 385 2023 oiuitatis
400 1959 567 2043 spartanae
582 1953 728 2021 formam
743 1953 855 2022 uisam
869 1973 945 2023 esse
960 1960 994 2025 et
1007 1974 1027 2024 a
1039 1954 1206 2028 Thibrona

125 2080 171 2150 ad
198 2081 394 2169 Lycurgum
420 2077 756 2150 Lacedaemoniorum
779 2080 962 2150 militarem
994 2080 1207 2172 disciplinam

124 2201 307 2274 relatam³.

175 2333 275 2400 Noua
294 2332 395 2420 igitur
416 2331 459 2400 de
477 2332 616 2421 ephoris
634 2332 783 2401 narratio
807 2331 982 2401 informari
1006 2337 1040 2402 et
1063 2335 1207 2424 exprimi

125 2461 248 2551 potuit,
272 2478 376 2548 quam
394 2457 436 2525 ab
461 2457 650 2546 antiquiore
664 2475 739 2525 aeuo
758 2457 921 2546 paulatim
935 2461 968 2527 et
986 2457 1146 2550 deinceps
1166 2459 1207 2529 ab

126 2584 300 2654 Herodoto
317 2583 359 2652 ad
372 2584 633 2672 Xenophontem
645 2582 769 2650 mutari
788 2582 939 2651 uidimus
951 2578 975 2650 ⁴.

178 2709 211 2776 Si
240 2708 415 2775 Platonem
445 2712 479 2775 et
497 2707 714 2775 Aristotelem
737 2705 910 2791 audimus
934 2706 999 2776 hoc
1027 2710 1062 2778 in
1089 2711 1208 2799 primis

125 2832 414 2903 considerandum
434 2838 485 2901 cst
505 2832 727 2922 philosophos
746 2832 825 2900 illos
844 2832 1022 2922 scripsisse
1036 2840 1075 2902 ut
1093 2835 1137 2903 ad
1150 2856 1207 2904 ra·

123 2962 266 3045 tionem,
290 2960 394 3026 immo
411 2957 453 3025 ad
467 2961 635 3047 praecepta
653 2977 715 3025 sua
733 2956 909 3025 historiam
923 2958 1049 3048 Spartae
1063 2980 1207 3029 reuoca·

124 3095 213 3156 rent.
237 3082 285 3155 De
310 3085 447 3175 ephoris
462 3081 635 3173 disputant
649 3103 690 3152 eo
712 3084 832 3152 animo
845 3091 884 3153 ut
902 3091 1003 3155 uetus
1021 3086 1087 3155 hoc
1111 3087 1210 3155 insti-

125 3218 240 3281 tutum
259 3233 339 3281 cum
364 3216 435 3279 tota
461 3209 796 3279 Lacedaemoniorum
815 3208 994 3301 disciplina
1014 3231 1210 3281 accommo-

128 3339 223 3409 dent.
242 3340 292 3407 lta
306 3338 344 3406 fit
362 3343 399 3406 ut
418 3336 510 3427 apud
528 3357 586 3407 eos
606 3338 856 3406 sententiarum
870 3336 983 3427 potius
1002 3336 1211 3427 perpetuitas

128 3471 163 3535 et
182 3464 371 3533 constantia
388 3482 492 3553 quam
509 3461 603 3531 nuda
618 3482 736 3531 rerum
754 3462 903 3531 narratio
918 3462 962 3530 sit
980 3458 1173 3552 quaerenda.

171 3662 177 3700 ¹
198 3664 336 3737 Ariston,
352 3660 433 3737 Pol,
450 3660 496 3725 lV
509 3659 609 3742 (vlit,
629 3658 676 3735 13,
697 3660 744 3735 11,
766 3658 923 3736 1333118,
942 3660 1126 3724 Βε11.ηια1.

167 3768 179 3807 ²
197 3771 313 3845 Strui„
329 3768 369 3843 X,
387 3768 417 3845 l,
438 3767 485 3830 17.

23 3936 24 3961 ,
167 3884 178 3920 ⁸
202 3880 250 3942 Ol.
264 3895 346 3957 sup,
358 3894 424 3957 pag.
440 3875 474 3938 16
494 3893 558 3956 sqq.
571 3884 599 3938 at
612 3874 762 3956 Xenoph.‚
775 3877 822 3939 Dc
837 3876 884 3939 Ra
893 3874 976 3957 publ.
989 3874 1169 3951 Decedam,
1181 3874 1211 3937 8.

23 3964 33 4057 1
69 4026 74 4039 ·
127 3988 311 4054 Thibroncm
334 3985 445 4047 fontem
471 3983 606 4046 Platonis
630 3984 721 4046 inissa
746 3982 872 4048 affirmat
899 4003 930 4046 v.
950 3984 1153 4047 Wilomowitz
1183 3985 1212 4045 in

127 4098 254 4160 Homer.
273 4091 467 4165 detersum„
483 4107 549 4171 pag.
566 4088 637 4153 273.

171 4207 183 4241 ⁴
207 4201 257 4265 Ol.
275 4216 357 4279 sup„
375 4215 440 4277 pag.
460 4196 506 4260 18.
1111 4298 1128 4349 2
