3159 5059
1620 393 1940 457 ...74-

693 537 930 629 fuisse,
967 556 1125 605 cum
1163 535 1442 604 unicum
1473 532 1644 602 illud
1672 540 1739 603 et
1770 533 2167 623 ambiguum
2206 534 2678 603 testimonium
2708 537 2864 606 eius

689 664 788 733 rei
826 662 1144 755 supersit,
1195 681 1323 730 nec
1367 660 1453 729 de
1499 661 1860 748 spartaniS‚
1907 658 2030 729 sed
2082 659 2165 729 de
2203 660 2489 750 persicis
2528 662 2861 732 institutis

684 786 1054 878 proditum,
1101 804 1223 874 pro
1262 784 1522 852 incerto
1561 782 1958 851 habendum
1986 789 2111 852 est.

779 912 1010 982 Restat
1057 909 1263 999 igitur
1310 907 1610 999 populus
1660 907 1775 975 ille
1824 908 1940 997 qui
1996 915 2347 979 senatores
2406 910 2688 980 creandi
2740 913 2855 981 ius

679 1037 979 1108 retinuit.
1050 1034 1313 1111 ,Idcirco
1372 1035 1512 1101 iam
1578 1038 1947 1122 antequam
2012 1033 2422 1123 scriptorum
2493 1038 2855 1106 sententiae

679 1162 1174 1245 examinentur,
1232 1158 1380 1228 ueri
1439 1158 1669 1227 simile
1722 1156 1994 1227 uidetur
2042 1179 2258 1249 penes
2320 1181 2481 1230 eum
2546 1163 2854 1252 aliquam

676 1288 1132 1379 permansisse
1197 1290 1604 1375 potestatem
1677 1284 1749 1351 in
1815 1284 2336 1373 magistratuum
2407 1289 2847 1377 popularium

675 1414 1040 1483 creatione.
1061 1413 1146 1480 At
1166 1411 1314 1482 eius
1334 1410 1521 1479 modi
1540 1409 1842 1500 opinioni
1865 1410 2135 1479 obstare
2156 1409 2474 1481 dixerunt
2492 1416 2835 1483 nonnulli¹

675 1540 1053 1609 Aristotelis
1072 1537 1398 1607 disertam
1425 1535 1871 1605 mentionem.
1896 1535 2095 1620 Nam,
2124 1544 2488 1627 postquam
2514 1540 2627 1609 hic
2654 1563 2841 1630 quae-
2870 1617 2874 1622 ,

675 1666 833 1735 dam
886 1670 1162 1756 propter
1225 1684 1377 1754 quae
1432 1682 1546 1732 res
1602 1660 1879 1750 publica
1938 1661 2430 1751 Spartanorum
2486 1668 2847 1756 popularis

670 1790 906 1859 haberi
946 1790 1190 1880 possit,
1239 1786 1699 1869 enumerauit,
1742 1786 1889 1855 haec
1939 1806 2223 1875 prorsus
2277 1787 2481 1859 adicit
2526 1814 2541 1857 :
2598 1802 2741 1864 «ἔτι
2777 1794 2848 1867 δὲ

608 1949 614 1955 ·
671 1932 756 2013 τῷ
791 1916 893 1990 δῦο
937 1923 1042 1999 τὰς
1091 1924 1364 2012 μεγίστας
1403 1920 1627 2010 ἀρχὰς,
1675 1920 1777 1991 τὴν
1805 1917 1908 2008 μὲν
1943 1920 2224 2009 αἱρεῖσθαι
2264 1922 2360 1989 τὸν
2398 1920 2600 2014 δῆμον,
2642 1936 2743 2002 τῆς
2776 1924 2847 1994 δὲ

669 2048 951 2140 μετέχειν·
1002 2047 1134 2125 τοὺς
1182 2046 1283 2138 μὲν
1326 2048 1446 2138 γὰρ
1491 2045 1761 2137 γέροντας
1803 2048 2138 2137 αἱροῦνται,
2187 2059 2285 2125 τῆς
2330 2044 2616 2143 δ’ἐφορίας
2660 2054 2845 2143 μετέ..

668 2168 980 2266 χουσιιθ.»
1016 2170 1277 2248 Quibus
1308 2188 1474 2237 sane
1505 2187 1650 2235 non
1680 2167 2093 2255 significauit
2120 2169 2520 2242 Aristoteles
2540 2176 2847 2263 ephoros

670 2320 709 2368 a
736 2299 987 2389 populo
1019 2297 1235 2367 creari
1267 2320 1283 2383 ;
1336 2293 1459 2363 sed
1507 2314 1752 2363 reuera
1788 2313 1931 2361 non
1971 2295 2188 2364 Kanio
2228 2298 2545 2366 assentiri
2581 2320 2843 2389 possu-

667 2446 825 2495 mus
875 2425 992 2516 qui
1053 2424 1321 2512 scripsit
1365 2447 1379 2489 ε
1433 2444 1466 2487 (ι
1493 2421 2001 2510 Quicumque..
2033 2472 2050 2490 .
2106 2421 2396 2492 affirmat
2450 2424 2533 2494 de
2586 2426 2834 2511 alterO,

667 2551 752 2621 de
791 2551 1002 2621 altero
1050 2546 1302 2638 negat3
1333 2571 1368 2614 1)
1414 2553 1482 2617 et
1535 2547 1791 2638 populo
1849 2547 2103 2636 duplex
2163 2548 2333 2618 illud
2384 2551 2491 2619 ius
2549 2552 2845 2621 demum

663 2678 901 2754 tribuit
933 2700 947 2745 ε
985 2683 1338 2748 senatores
1375 2682 1450 2744 ut
1487 2675 1694 2762 legat,
1739 2694 1899 2743 cum
1928 2676 2015 2743 sit
2044 2675 2172 2765 ipsi
2211 2677 2466 2766 populo
2495 2679 2845 2767 praeclusa

661 2806 888 2892 curia3
933 2806 1298 2895 ephoratus
1353 2807 1430 2871 ut
1464 2803 1802 2892 particeps
1858 2803 1969 2887 sit,
2030 2823 2191 2871 cum
2246 2803 2542 2892 ephoros
2592 2805 2841 2896 legere

660 2953 802 3003 non
836 2932 1073 3022 possit.
1121 2930 1301 3000 Seris
1342 2929 1527 2999 enim
1567 2929 1989 3018 temporibus
2049 2936 2442 3020 spartanam
2479 2931 2845 3003 ciuitatem

660 3056 956 3147 inspexit
982 3055 1421 3139 Aristoteles3
1457 3054 1635 3122 intra
1678 3053 2128 3142 paucissimas
2171 3054 2491 3140 familiaS,
2530 3058 2845 3146 antiquae

659 3183 1035 3274 disciplinae
1087 3183 1532 3253 obseruantes
1580 3181 1765 3250 auita
1802 3182 1996 3270 quasi
2050 3182 2575 3268 consuetudine,
2618 3204 2843 3254 sena-

655 3480 783 3543 cap.
815 3461 916 3525 24.
965 3462 1280 3526 Confutata
1317 3463 1435 3524 iam
1480 3470 1605 3524 erat
1641 3461 1806 3523 illius
1836 3463 2031 3542 opinio
2079 3481 2112 3524 a
2162 3462 2560 3526 Schoemanno
2612 3463 2837 3547 (Agis,

653 3588 790 3650 pag.
827 3568 989 3651 120).
1701 3569 1706 3573 ’

730 3684 751 3718 ¹
795 3677 1188 3756 Schoemann,
1221 3680 1394 3760 Agis»,
1439 3696 1567 3758 pag.
1613 3675 1903 3741 119-120.
1954 3679 2115 3754 Kan,
2159 3680 2455 3760 Disputat.
2508 3680 2826 3760 antiquar.

651 3785 721 3847 de
749 3786 968 3865 Ephor.
1009 3787 1308 3867 Spartan„
1348 3806 1477 3867 pag.
1513 3784 1721 3847 39-40.

729 3889 752 3927 ²
792 3896 1006 3968 Arist„
1051 3894 1209 3970 Pol„
1245 3896 1335 3958 IV
1371 3895 1560 3976 (VII),
1596 3895 1655 3969 7,
1689 3894 1747 3956 5.
1787 3891 1991 3973 12941’,
2024 3894 2239 3959 29-31.
2281 3894 2470 3958 Bekk.
2507 3898 2647 3959 mai.

728 4007 751 4039 ³
794 4004 951 4077 Kan,
972 4001 1281 4082 Disputat.
1314 4005 1605 4083 antiquar.
1641 4003 1713 4065 de
1742 4003 2001 4084 ephoriS,
2037 4022 2167 4084 pag.
2204 4003 2305 4065 40.
