3159 5059
800 440 961 503 ..0ss-

340 605 416 675 quae
431 582 519 653 filias
538 583 704 673 epioleros
718 583 839 671 religio
855 583 891 649 in
905 602 1010 650 manu
1020 582 1158 651 heredis
1174 583 1313 673 antiquo
1329 602 1428 653 more

340 709 507 797 designati
525 707 692 777 retinebat
710 707 885 776 sublatam
906 706 1012 775 luisse
1041 727 1083 775 ex
1103 708 1214 797 ipsius
1233 709 1427 779 Aristotelis

340 834 456 904 uerbis
474 832 705 923 colligendum
720 837 773 901 est
785 830 811 899 ¹.
834 831 888 900 Ad
907 836 1064 901 senatum
1083 831 1196 921 legem
1215 835 1426 904 illamlatam

342 979 418 1029 esse
442 980 461 1029 e
489 958 668 1027 Plutarcho
690 963 840 1044 constat3
870 957 959 1026 hanc
978 963 1091 1027 autem
1121 960 1271 1049 ephorus
1290 962 1426 1050 rogauit

342 1106 444 1177 quem
459 1104 524 1154 nec
533 1084 745 1167 Aristoteles,
758 1103 824 1153 nec
838 1084 1040 1153 Plutarchus
1049 1084 1134 1153 uitio
1144 1085 1256 1174 egisse
1266 1086 1426 1155 animad-

340 1214 490 1281 vertunt.
513 1208 608 1277 Unde
636 1208 723 1277 illud
748 1207 888 1277 tandem
915 1206 1193 1277 concludendum
1219 1214 1284 1294 est,
1307 1209 1351 1280 de
1370 1211 1427 1279 his

342 1333 446 1404 rebus
470 1334 679 1423 ephororum
697 1332 927 1421 cognitionem
949 1332 1137 1421 legitimam
1157 1332 1276 1403 fuisse.

391 1458 506 1549 Atqui,
523 1462 561 1525 ut
581 1477 691 1546 nuper
716 1456 986 1526 demonstratum
1001 1454 1089 1542 cst2,
1112 1478 1249 1526 morum
1268 1480 1428 1527 commu-

342 1584 506 1651 tationem
523 1582 655 1669 alongo
665 1585 819 1669 tempore
828 1580 998 1669 inceptam
1012 1587 1171 1650 sanxerat
1185 1602 1226 1651 ea
1239 1582 1313 1669 lex3
1328 1601 1424 1664 nam,

342 1727 422 1775 cum
449 1705 663 1795 promulgata
681 1704 769 1793 lege,
800 1704 1042 1793 locupletiores
1069 1706 1267 1774 tenuiorum
1285 1727 1428 1807 posses-

254 1897 256 1901 s
342 1835 457 1903 siones
475 1833 687 1914 inusserunt,
708 1831 796 1899 nihil
815 1830 880 1899 nisi
902 1836 1032 1926 κλέριον,
1054 1832 1090 1901 id
1111 1838 1163 1901 est
1177 1821 1331 1923 pecuniae
1356 1836 1425 1902 col-

342 1961 460 2029 locatae
473 1960 510 2027 in
523 1963 633 2053 κλήρῳ,
663 1977 739 2047 quae
761 1977 840 2047 pars
867 1957 939 2046 agri
959 1956 1164 2027 hereditaria
1192 1968 1277 2042 erat,
1299 1960 1427 2048 pignus

342 2089 641 2172 recuperauerunt.
661 2079 748 2157 Quot
758 2099 841 2148 uero
856 2086 1063 2165 contractus,
1076 2086 1160 2169 quot
1173 2082 1428 2151 controuersias

343 2206 422 2275 inde
446 2203 627 2294 profectas,
650 2208 727 2272 ante
753 2202 907 2292 Epitadei
926 2203 1040 2293 legem
1067 2205 1185 2288 latam,
1218 2203 1260 2272 ab
1288 2204 1430 2293 ephoris

343 2332 508 2402 iudicatas
528 2350 694 2399 essenon
709 2329 867 2398 absimile
885 2331 960 2397 ueri
989 2336 1062 2399 est!
1086 2331 1167 2408 Quae
1195 2351 1277 2399 cum
1290 2350 1356 2399 nos
1374 2332 1430 2399 la-

343 2465 448 2544 teant,
474 2463 589 2526 tamen
618 2456 683 2525 hoc
705 2454 953 2539 consideretur,
983 2456 1072 2523 hano
1090 2456 1204 2545 legem
1229 2456 1271 2525 ab
1298 2456 1430 2546 ephoro

291 2630 292 2633 =
344 2582 494 2675 quodam
508 2586 661 2669 rogatam
676 2599 752 2649 esse
769 2585 807 2648 ut
823 2580 1032 2669 primoribus
1046 2581 1221 2650 laueretur
1231 2587 1265 2651 et
1275 2602 1316 2650 co
1337 2587 1429 2650 tem-

344 2726 426 2796 pore
441 2724 509 2795 quo
524 2722 631 2794 penes
644 2723 773 2792 paucos
787 2704 968 2793 optimates
982 2710 1092 2773 totum
1107 2704 1255 2773 ciuitatis
1270 2706 1428 2794 regimen

345 2836 448 2901 essct.
543 2846 546 2855 ·

393 3030 437 3097 At
445 3048 515 3098 non
525 3028 627 3097 unico
638 3032 672 3097 et
686 3026 821 3095 modico
836 3025 976 3096 heredio
997 3025 1122 3096 diuites
1141 3028 1295 3117 Spartani
1314 3038 1427 3116 erant,

346 3156 439 3246 quod
457 3156 516 3223 uix
549 3153 592 3223 ad
619 3152 858 3245 quotidianum
879 3153 1011 3222 uictum
1035 3153 1258 3243 suppeditare
1278 3161 1429 3245 poterat,

347 3282 510 3371 quianon
528 3280 570 3349 ab
586 3279 669 3370 ipsis
689 3298 769 3368 ager
788 3278 846 3348 ille
866 3278 1054 3366 colebatur,
1072 3278 1134 3348 sed
1145 3280 1270 3349 belotis
1284 3301 1345 3370 pro
1366 3302 1430 3349 an-

346 3427 417 3475 nua
439 3405 584 3495 pecunia
605 3409 663 3473 aut
690 3405 864 3473 fructuum
890 3404 1003 3473 reditu
1021 3425 1206 3474 concessus
1229 3404 1352 3476 iuerat.
1375 3408 1428 3477 Ab

346 3535 467 3603 ultima
485 3532 683 3623 antiquitate
698 3531 884 3623 repetenda
893 3537 1009 3601 essent
1027 3531 1130 3600 huius
1141 3532 1191 3602 rei
1209 3533 1422 3617 testimonia,

347 3660 414 3729 nisi
424 3661 492 3728 iam
507 3680 526 3727 a
540 3657 734 3729 recentibus
744 3658 968 3748 scriptoribus
977 3662 1093 3727 essent
1101 3664 1275 3748 congesta.
1291 3658 1373 3736 Quae
1383 3659 1429 3729 de

389 3881 398 3921 ¹
419 3870 528 3944 Arist,
546 3866 625 3942 Pol,
642 3868 685 3943 ΙΙ,
701 3866 732 3946 6,
753 3866 798 3930 lb.
815 3866 921 3972 illd,
941 3865 1047 3929 laet
1067 3866 1166 3929 Bekk.
1183 3868 1252 3928 mai.

388 3976 401 4015 ²
423 3976 524 4040 Fostet
545 3978 579 4037 do
600 3976 778 4053 Couloopes,
803 3974 900 4036 Etuda'
915 3992 966 4035 sur
989 3974 1018 4035 la
1035 3976 1188 4054 Propridtt
1205 3980 1223 4036 t
1238 3975 1354 4054 Sparte,
1370 3977 1434 4041 loc.

350 4104 416 4167 sup.
435 4085 529 4161 laud,
547 4082 606 4149 uol.
624 4083 712 4146 XIV.
1243 4097 1246 4100 ·
