3159 5059
661 1018 730 1103 lV.

196 1228 219 1281 n
243 1228 375 1291 QUIBUS
399 1229 588 1283 PRINCIPIIS
613 1229 707 1283 ORTA
731 1230 784 1283 SIT
809 1230 854 1282 ET
879 1232 917 1284 IN
941 1229 1053 1285 ustus
1077 1226 1196 1283 lucro

479 1339 699 1395 EPHORORUM
725 1340 911 1395 POTESTAS.

207 1590 281 1669 Qua
294 1592 425 1661 ratione
439 1592 485 1661 ita
498 1594 644 1662 creuerit
659 1594 866 1683 ephororum
877 1592 1059 1662 auctoritas
1068 1596 1106 1660 ut
1118 1611 1238 1661 eorum

155 1736 284 1785 munus
304 1717 445 1785 maximi
465 1718 604 1788 tandem
629 1718 795 1789 momenti
822 1718 925 1788 fuerit
952 1718 987 1785 in
1014 1714 1239 1806 gubernanda

155 1843 398 1932 Spartanorum
412 1864 449 1913 re
464 1843 601 1933 publica
614 1863 705 1913 nunc
720 1842 988 1913 examinandum
1002 1845 1065 1911 est.
1078 1841 1155 1909 Non
1169 1860 1236 1931 quo

155 1975 310 2059 repetere
330 1970 495 2039 inanimo
514 1969 703 2039 habeamus
723 1990 800 2058 quae
813 1968 1038 2037 luculentera
1057 1966 1094 2035 G.
1113 1966 1236 2034 Dumio

155 2098 359 2182 pertractata
377 2100 477 2182 sunt;
506 2094 631 2164 eximio
658 2094 751 2164 enim
777 2093 897 2163 ordine
925 2098 959 2162 et
984 2113 1066 2161 cura
1083 2091 1237 2179 diligenti

157 2240 233 2310 qnae
253 2218 295 2287 ad
309 2219 375 2291 hoc
395 2219 546 2287 officium
565 2219 667 2288 allata
680 2220 748 2288 sint
769 2220 979 2288 incrementa
992 2217 1050 2287 ille
1070 2216 1237 2306 disposuit

154 2352 188 2415 et
206 2346 435 2436 particulatim
462 2352 662 2437 persecutus
681 2352 743 2415 est.
776 2348 850 2414 Duo
878 2351 1011 2415 tantum
1030 2345 1236 2433 attingemus

153 2472 321 2561 principia
340 2471 464 2562 quihus
482 2473 669 2562 explicetur
684 2469 857 2562 quomodo
876 2472 910 2538 in
930 2470 1004 2540 dies
1019 2470 1061 2540 de
1080 2468 1236 2560 pluribus

153 2604 187 2669 et
205 2598 421 2688 grauioribus
442 2599 589 2688 negotiis
606 2599 815 2688 ephororum
833 2598 1017 2686 collegium
1036 2597 1236 2685 cognouerit

155 2729 189 2792 et
201 2744 270 2814 qua
284 2730 355 2793 arte
375 2744 495 2793 eorum
513 2728 663 2813 potestas
682 2729 781 2792 aucta
800 2723 855 2792 sit.

205 2853 276 2920 lam
296 2850 491 2921 manauisse
510 2870 529 2919 e
548 2850 632 2919 iuris
646 2849 794 2919 dictione
808 2849 948 2935 lorensi,
971 2869 1039 2939 qua
1056 2869 1126 2919 non
1145 2870 1235 2919 are-

155 2950 257 3068 gihus
271 2977 393 3062 ornati,
412 2975 507 3045 seda
524 2975 652 3065 populo
665 2974 822 3044 instructi
837 2974 956 3065 ephori
970 2981 1097 3061 essent,
1115 2996 1236 3046 eorum

154 3106 358 3193 potestatem
380 3100 528 3170 diximus
542 3098 564 3168 ¹.
587 3101 729 3169 Nullum
752 3100 858 3184 enim,
878 3106 1009 3170 mutata
1040 3102 1235 3191 aLyourgo

153 3228 263 3299 ueteri
288 3226 547 3311 consuetudine,
579 3228 705 3317 Spartae
725 3233 815 3297 stare
833 3228 1064 3317 comperimus
1082 3229 1234 3299 iudicum

152 3352 337 3423 concilium
361 3351 466 3442 quod,
491 3358 529 3421 ut
546 3352 688 3423 Athenis
715 3354 902 3443 antiquitus
920 3353 1064 3447 tortasse
1085 3356 1230 3445 epheta,

15 3508 17 3511 ·
151 3481 269 3569 postea
276 3478 512 3547 thesmothetae
525 3482 558 3547 et
565 3478 717 3547 heliastae
731 3477 774 3548 de
785 3477 945 3547 ciuilibus
959 3481 1071 3549 causis
1085 3500 1232 3570 cognos-

151 3607 267 3673 cerent
287 3607 321 3672 et
339 3600 539 3672 iudicarent.
558 3603 630 3671 Hoc
648 3608 780 3673 tautum
798 3604 926 3673 scimus
945 3605 1091 3677 auctori
1109 3604 1232 3678 aetate²

190 3852 198 3891 ⁴
224 3852 273 3914 Ol.
289 3869 370 3931 sup,
393 3868 459 3933 pag.
475 3850 515 3914 62
529 3870 593 3933 sqq.

189 3957 202 3996 ²
222 3959 320 4034 Plan,
340 3957 494 4039 Apophth.
511 3956 652 4034 laconio,
670 3964 741 4022 tom.
763 3958 806 4036 ll,
822 3978 892 4041 pag.
908 3962 978 4042 120,
1005 3964 1053 4027 ed.
1074 3966 1227 4031 Tauchn.:

150 4078 195 4139 τὰς
208 4078 266 4152 περὶ
280 4079 326 4132 τοῦ
339 4075 446 4131 θανάτου
459 4070 531 4137 δίκας
545 4073 655 4131 clerium
668 4074 769 4152 ἡμέραις
781 4075 805 4133 οἱ
819 4076 932 4155 γίροντις
945 4078 1065 4155 κρίνουσι.
1086 4116 1095 4131 .
