3159 5059
634 466 794 535 ...71-

177 615 258 677 sunt
276 631 340 680 nos
354 630 395 681 eo
410 610 540 683 ducunt
553 617 590 680 ut
609 629 702 679 eose
721 612 849 700 populo
863 630 958 695 uere,
976 611 1005 679 si
1025 604 1139 678 (dcere
1157 604 1249 690 licet,

176 734 341 822 legitimo,
363 735 464 804 idest
487 756 530 805 ex
549 744 754 803 tomoeorcm
773 737 892 807 ordine
916 742 1047 805 creatos
1066 754 1141 804 esse
1160 733 1253 803 exis-

176 860 350 929 timemus.
369 862 469 932 Hunc
484 868 598 931 autem
617 862 741 932 indies
757 862 976 931 imminutum
995 880 1070 931 esse
1084 858 1254 948 comperi-

178 1004 257 1053 mus
271 992 304 1053 et
313 1004 391 1053 raro
406 986 449 1054 ad
460 986 598 1074 negotia
606 985 782 1055 tractanda
792 990 1031 1055 conuocatum.
1044 985 1152 1053 Penes
1162 983 1255 1051 enim

180 1114 335 1177 senatum
355 1110 505 1178 curanda
530 1131 586 1179 res
605 1110 741 1200 publica
759 1132 840 1181 mox
854 1111 930 1194 fuit,
955 1110 1104 1179 exclusis
1118 1109 1253 1197 sapius,

180 1236 238 1323 qui
254 1240 465 1323 supererant,
487 1235 645 1319 horreis,
663 1256 726 1305 nec
740 1237 806 1305 alia
819 1236 1065 1329 significatione
1083 1232 1254 1303 credimus

178 1362 369 1431 Aristotelis
387 1363 446 1430 illa
465 1362 571 1431 uerba
584 1364 814 1452 intellegenda
832 1384 908 1433 esse
926 1387 933 1431 :
962 1366 1034 1435 «διὰ
1050 1368 1081 1435 τὸ
1096 1370 1146 1439 τὴν
1158 1368 1255 1455 ἀρχὴν

177 1490 245 1561 εἶναι
257 1494 322 1560 λίαν
339 1494 465 1585 μεγάλην
479 1497 527 1560 καὶ
544 1489 734 1585 ἰσοτὺρκνγον,
754 1492 933 1584 δημαγωγὲιν
944 1493 1048 1570 αὐτοὺς
1061 1494 1252 1582 ἠναγκαῖζοντο

177 1618 226 1681 καὶ
239 1618 265 1683 oi
277 1616 432 1703 βασιλεῖς»
455 1610 554 1704 (ΡοΙ.,
573 1614 615 1696 ΙΙ,
629 1612 663 1697 6,
682 1612 736 1680 lt.
758 1609 879 1696 limi,
896 1612 1134 1696 toranelli.
1152 1609 1249 1699 mai.)

176 1736 273 1815 Quod
288 1738 460 1827 quomodo
475 1738 519 1805 sit
532 1738 702 1827 prolatum
717 1742 751 1806 et
765 1738 889 1826 quibus
902 1736 1018 1805 uerbis
1033 1736 1251 1804 coniunctum

176 1864 371 1931 examinare
388 1882 531 1931 neccsse
550 1868 612 1930 est.
636 1863 820 1951 Postquam
834 1863 936 1950 igitur
956 1881 1077 1929 causas
1094 1860 1251 1949 exposuit

176 1986 235 2055 ille
254 2006 315 2056 cur
335 1993 368 2055 et
386 1991 435 2055 tot
448 2006 617 2076 pauperes
631 1990 745 2055 essent
760 1986 887 2075 Spartae
902 1991 1014 2055 ettam
1033 1985 1131 2075 pauci
1141 1984 1247 2068 cives,

176 2112 318 2181 uenales
337 2111 484 2201 ephoros
498 2128 747 2199 nonnunquam
756 2108 985 2179 fuissenarrat
997 2115 1031 2179 et
1040 2130 1081 2179 eo
1100 2108 1137 2176 in
1150 2108 1248 2198 peius

178 2237 302 2307 abiisse
334 2256 408 2307 rem
434 2235 618 2325 publicam.
654 2235 784 2303 Horum
817 2236 1024 2325 ephororum
1047 2241 1248 2326 potestatem

177 2361 349 2451 tyrannidi
375 2361 523 2429 similem
553 2380 630 2429 esse
656 2358 793 2428 cuidam
817 2359 965 2429 ostendit
983 2368 1017 2429 et
1039 2364 1157 2428 contra
1175 2380 1252 2428 eam

176 2507 277 2576 reges
298 2485 519 2576 popularibus
543 2484 671 2553 artibus
695 2505 777 2553 usos
796 2506 884 2555 esse.
910 2484 1062 2555 Verbum
1076 2487 1254 2581 δημαγωγεῖν

177 2635 244 2705 quo
265 2634 386 2703 regum
406 2612 548 2681 consilia
566 2612 722 2699 designat
742 2612 878 2681 solitam
899 2612 1181 2701 significationem
1205 2612 1252 2679 ibi

175 2738 290 2823 hahet,
318 2738 446 2806 scilicet
473 2735 681 2804 multitudini
708 2737 882 2807 minorum
912 2737 1039 2821 fauere,
1066 2758 1131 2806 nec
1162 2742 1252 2806 certe

175 2860 293 2951 populi
325 2860 418 2927 illius
451 2857 639 2927 commodis
670 2859 839 2929 inseruire
870 2880 974 2950 quem
1002 2861 1141 2929 nomine
1163 2862 1251 2955 δῆμον

175 2984 374 3053 Aristoteles
389 3003 469 3051 cum
483 2988 579 3064 καλοῖς
594 2989 730 3079 κάγαθοῖς
743 2982 1010 3072 comprehendit.
1025 2982 1087 3067 lhi,
1104 2988 1143 3052 ut
1152 2982 1251 3053 uide-

176 3118 245 3194 tur,
266 3109 477 3177 multitudini
504 3110 632 3199 optimo
661 3109 808 3178 ciuitatis
826 3108 899 3177 iure
926 3106 1055 3177 carenti
1072 3107 1253 3198 opponitur

175 3240 274 3333 δῆμος.
291 3235 343 3303 Ad
359 3235 448 3304 hanc
462 3235 666 3304 sententiam
684 3233 804 3303 referri
823 3232 947 3302 debent
961 3253 1038 3321 quae
1061 3231 1104 3301 de
1124 3233 1253 3301 consti·

176 3362 307 3432 tutione
319 3380 458 3450 prorsus
478 3359 613 3429 disserit
632 3359 832 3428 Aristoteles
853 3381 861 3426 :
883 3358 930 3425 ita
952 3362 1186 3426 aristocratiae
1202 3358 1253 3425 rei

176 3488 322 3580 publicae
339 3485 457 3555 formae
474 3491 738 3554 democraticum
761 3484 980 3568 successisse,
1002 3482 1095 3572 quod
1118 3482 1181 3551 sub
1196 3502 1251 3551 ex·

176 3625 286 3687 trema
308 3616 452 3687 civitatis
480 3621 648 3704 spartanae
676 3621 832 3703 tempora
854 3612 983 3681 iactum
1008 3617 1071 3681 est.
1094 3610 1159 3680 Sed
1173 3631 1252 3679 cum

176 3740 346 3810 aduersati
354 3740 421 3807 sint
429 3738 565 3828 ephoris
573 3758 671 3827 reges
683 3742 716 3807 et
726 3735 936 3806 multitudini
947 3734 1103 3818 blanditi,
1114 3732 1251 3803 difficile

176 3873 228 3937 est
246 3865 384 3937 credere
410 3866 534 3933 horum
555 3864 815 3954 magistratuum
828 3862 1017 3951 collegium.
1029 3881 1071 3933 ex
1095 3861 1159 3929 hac
1177 3861 1252 3949 ipsa

176 3990 394 4059 multitudine
414 3988 598 4058 oriundum
612 3988 729 4057 luisse.

115 4154 120 4167 =
225 4118 295 4186 Nec
313 4137 393 4185 cum
410 4116 464 4185 his
476 4114 756 4185 'conclusionibus
773 4118 966 4204 repugnant
985 4132 1060 4200 quae
1088 4111 1248 4179 continuo
