3159 5059
749 517 787 527 -
816 482 875 544 un
890 518 927 527 -

296 618 357 685 ria.
390 616 480 686 Illud
510 626 623 687 tamen
647 620 808 708 colligere
833 621 1053 687 temerarium
1082 641 1150 688 non
1170 622 1283 689 uisum
1312 630 1378 705 est,

294 744 441 833 ephoros
460 764 479 811 e
498 744 626 833 populo
637 750 767 813 creatos
782 764 872 827 esse,
895 743 1037 813 fortasse
1053 764 1073 811 a
1088 745 1214 834 populo
1227 747 1300 834 ipso
1316 746 1380 815 de-

291 870 453 956 signatos,
465 874 642 957 postquam
655 868 816 957 auspiciis
831 869 1139 959 captis‚nomiuum
1151 872 1379 959 quorumdam

290 992 438 1061 indicem
458 993 629 1081 conceptis
643 992 757 1061 uerbis
775 999 950 1061 senatores
965 995 1177 1081 pronuntiari
1192 996 1373 1065 iusserant.

342 1120 423 1185 Cum
454 1116 495 1186 de
516 1117 645 1185 ratione
667 1117 804 1185 creandi
825 1118 946 1185 merito
957 1115 1157 1187 dissentiant
1181 1120 1374 1208 scriptores,

295 1247 331 1313 in
341 1245 405 1311 hoc
417 1262 585 1310 summam
597 1243 645 1309 rei
656 1242 803 1331 positam
813 1262 889 1310 esse
900 1243 1055 1331 apparuit
1066 1244 1206 1331 quinam
1217 1251 1306 1312 osset
1320 1245 1378 1313 hic

295 1369 443 1459 populus
461 1367 551 1437 unde
574 1374 607 1437 ct
626 1389 645 1437 a
668 1389 734 1457 quo
758 1367 959 1436 uerisimile
978 1374 1069 1438 esset
1084 1369 1231 1457 ephoros
1250 1370 1378 1438 eleetos

297 1514 384 1563 esse.
407 1493 514 1571 Quam
534 1513 576 1562 ax
597 1493 755 1561 omnihus
771 1492 943 1580 Spartanis
962 1492 1155 1561 constitisse
1174 1495 1377 1582 legesuete-

296 1639 351 1687 res
371 1617 633 1687 obseruantibus
652 1624 686 1686 et
705 1618 740 1685 iu
759 1611 897 1703 syssitia
915 1623 1048 1685 certum
1073 1618 1239 1687 tributum
1264 1617 1346 1687 cont
1366 1658 1378 1668 -

300 1743 452 1813 rentibus
466 1743 631 1811 nonnulla
643 1742 927 1811 demonstrarunt.

239 1886 241 1889 ’
349 1870 519 1948 Quantum
543 1876 657 1939 autem
677 1869 806 1937 ciuium
821 1870 960 1937 illorum
974 1884 1157 1939 numerum
1178 1876 1211 1940 et
1229 1871 1304 1939 iura
1317 1892 1380 1960 per

300 1995 529 2064 ministerium
540 2016 641 2063 suum
655 1995 862 2063 imminuere
877 2000 934 2063 aut
949 1994 1156 2085 amplificare
1166 1996 1286 2085 ephori
1301 2017 1378 2085 pos-

298 2126 386 2203 seut,
403 2123 507 2198 testes
527 2125 608 2188 sunt
626 2119 685 2209 qui
705 2119 747 2187 de
766 2120 871 2187 rebus
892 2121 1060 2209 spartanis
1078 2122 1245 2211 scripsere
1260 2122 1381 2210 quinto

296 2253 330 2315 et
340 2249 460 2333 quarto
476 2264 506 2312 a.
525 2244 584 2311 Ch.
601 2264 635 2315 nt
659 2245 799 2312 saeculo.
817 2245 867 2312 Ita
878 2245 981 2313 huius
995 2246 1130 2334 collegii
1144 2266 1284 2329 munuS,
1300 2267 1383 2314 cum

303 2376 506 2438 domnorum
525 2374 758 2458 spartanorum
767 2368 965 2439 condicione
973 2371 1195 2439 coniunctum
1203 2392 1278 2440 esse
1289 2392 1381 2439 com-

304 2502 511 2587 pertumest,
525 2499 563 2563 ut
577 2515 677 2583 agros
691 2501 725 2563 et
743 2516 799 2563 res
819 2502 1011 2579 mouentes,
1038 2495 1204 2565 familiam
1223 2499 1331 2587 ipsam
1348 2507 1384 2567 et

301 2622 380 2691 inde
404 2622 496 2689 hunc
516 2627 624 2689 totum
646 2620 803 2689 ordinem
818 2619 999 2689 hominum
1017 2642 1037 2690 a
1056 2642 1123 2711 quo
1142 2621 1313 2711 pendebat
1331 2624 1383 2691 rei

298 2747 444 2837 publicae
463 2746 708 2815 administratio
729 2746 843 2835 aliqua
868 2746 1079 2830 auctoritate,
1108 2748 1217 2835 magis
1245 2748 1281 2816 iu
1307 2747 1384 2817 dies

298 2878 408 2957 aucta,
440 2878 597 2960 regerent
627 2872 759 2960 ephori,
792 2871 1018 2939 exercituum
1033 2870 1172 2939 dilectui
1202 2878 1236 2941 et
1263 2871 1383 2941 ductui

298 3000 495 3087 preessent,
519 2993 666 3083 denique
682 3000 823 3062 externa
837 2993 974 3081 negotia
994 2993 1141 3061 ciuitatis
1157 2993 1384 3081 gubernanda

297 3125 467 3187 curarent.
497 3117 579 3185 Inde
605 3116 731 3184 iactum
762 3122 814 3184 est
846 3122 884 3183 ut
909 3122 1000 3183 arcta
1028 3116 1124 3205 quasi
1156 3118 1318 3187 societate
1346 3129 1383 3188 et

295 3245 468 3314 communi
488 3242 556 3310 fato
578 3240 767 3331 primorum
789 3240 872 3309 ordo
894 3247 928 3310 et
949 3242 1133 3329 ephoratus
1155 3242 1380 3332 iungerentur

296 3366 460 3460 quamdiu
475 3364 649 3434 ueteribus
664 3364 817 3432 moribus
831 3364 923 3433 stetit
942 3384 997 3432 res
1012 3362 1149 3453 publica
1164 3366 1380 3437 Lacedaemo-

302 3495 452 3562 nicrum.

347 3622 558 3687 increscente
569 3620 686 3684 autem·
695 3635 816 3684 eorum
825 3615 1056 3704 potestate‚oh
1067 3635 1125 3684 eas
1136 3637 1221 3705 quas
1234 3616 1386 3688 diximus

297 3765 430 3828 causae,
462 3748 588 3833 quanto
617 3740 884 3808 imminuebatur
915 3740 1044 3807 ciuium
1074 3762 1253 3825 uumerus,
1287 3748 1385 3814 tanto

298 3872 406 3959 magis
416 3867 705 3937 coaceruabantur
716 3886 799 3954 opes
811 3873 844 3934 et
855 3865 1090 3934 stabiliebatur
1104 3868 1267 3956 potentia.
1286 3870 1388 3947 Quod

300 3996 402 4065 etiam
427 4000 504 4062 ante
531 3992 624 4061 bella
642 3990 775 4058 Persica
802 3990 972 4078 incepisse
999 3996 1033 4059 et
1056 3989 1202 4060 fortasse
1225 4010 1389 4080 agrorum

304 4118 554 4189 messeniorum
565 4114 744 4207 partitione
759 4112 913 4181 adiutum
933 4133 1009 4182 esse
1023 4116 1134 4184 conati
1150 4136 1269 4185 sumus
1284 4118 1388 4187 euin-
