3159 5059
545 426 549 435 '
663 464 701 477 -
724 430 762 495 93
782 466 823 479 -

193 569 420 640 consensisse.
435 571 648 649 Onam'enim
667 571 709 640 ab
730 570 904 640 Herodoto
920 572 1078 641 traditam
1097 579 1278 671 seruarunt

102 730 106 739 ·
192 693 229 779 ii,
256 695 452 786 aLycurgo
472 696 691 769 informatam
706 697 813 767 luisse
828 698 955 786 Spartae
973 697 1158 768 militarem
1177 699 1275 768 disci-

190 820 333 911 plinam,
364 822 513 911 antiquis
549 822 763 911 temporibus
794 823 998 892 conuenisse
1031 822 1161 893 adiecta
1187 844 1276 895 nova

188 947 320 1031 ratione
339 947 555 1037 Thucydides
577 947 803 1031 demonstrat,
826 970 905 1017 oum
925 954 1049 1018 cuncta
1069 951 1115 1019 ait
1130 970 1272 1041 compo·

190 1074 256 1142 sita
275 1073 365 1164 apud
390 1076 572 1164 Spartanos
599 1081 637 1144 ut
670 1074 710 1143 ab
743 1075 875 1144 Helotis
906 1073 1095 1144 canerent'.
1128 1077 1271 1147 Prolatis

61 1270 64 1277 ,
120 1186 124 1193 ’
187 1200 321 1289 imperii
335 1202 489 1291 spartani
509 1200 648 1284 finibus,
662 1201 803 1290 grauius
819 1201 939 1269 indies
956 1202 1147 1290 periculum
1161 1206 1270 1275 creuit

188 1329 222 1392 et
241 1324 332 1391 intus
352 1329 385 1393 et
409 1324 512 1412 foris3
533 1325 614 1393 hino
635 1325 831 1393 continuata
851 1324 1062 1394 consuetudo
1076 1331 1115 1393 nt
1133 1347 1268 1417 semper

185 1449 277 1518 bello
292 1449 544 1539 prospiceretur
558 1451 705 1543 eiusque
726 1450 914 1538 apparatui.
926 1449 992 1517 Gur
1003 1448 1046 1517 ad
1059 1450 1125 1519 hoc
1139 1472 1267 1522 munus

77 1564 81 1573 ’
187 1574 392 1641 accesserint
417 1574 550 1663 ephori,
581 1594 652 1641 non
677 1577 823 1656 tantum,
846 1579 884 1641 ut
911 1572 1059 1656 uidetur,
1081 1575 1265 1663 ephoratus

184 1717 368 1785 progressu
388 1702 422 1766 et
435 1697 655 1767 incrementis
679 1701 757 1786 post
783 1696 914 1764 bellum
933 1697 1143 1765 messenium
1157 1718 1263 1787 expe-

75 1814 79 1823 '
182 1823 348 1893 diendum
363 1831 424 1893 est.
447 1820 525 1893 'lam
542 1827 700 1893 notatum
718 1819 784 1913 est²
800 1842 861 1892 eos
880 1822 921 1890 ab
946 1822 1117 1893 Herodoto
1137 1845 1261 1895 nume-

181 1949 249 2017 rari
271 1950 359 2019 inter
382 1970 423 2018 ea
459 1950 613 2017 institute
636 1950 801 2037 lycurgea
827 1969 904 2037 quae
932 1948 977 2017 ad
1003 1948 1135 2018 bellum
1153 1952 1260 2040 perti-

180 2080 295 2144 neant.
310 2076 476 2144 disertius
489 2096 552 2144 nos
563 2071 878 2164 docetllenophon³
891 2076 949 2165 qui
962 2096 1024 2165 per
1040 2097 1099 2146 eos
1114 2077 1259 2148 dilectus

179 2200 298 2283 baberi
314 2200 432 2269 solitos
450 2220 526 2269 esse
542 2201 663 2269 asserit
682 2205 716 2270 et
735 2200 802 2273 hoc
815 2198 999 2269 officiume
1015 2200 1174 2270 mandato
1194 2203 1256 2292 Ly-

180 2326 276 2415 curgi
291 2326 456 2394 exerceri.
480 2326 528 2394 De
539 2345 683 2394 numero
703 2326 807 2413 igitur
825 2325 975 2393 militum
989 2326 1049 2415 qui
1072 2326 1109 2395 in
1125 2326 1256 2397 bellum

177 2452 488 2541 proficiscerentur,
525 2452 567 2550 de
594 2452 701 2519 aetatis
725 2470 825 2532 anno,
858 2448 900 2519 de
927 2470 1047 2519 eorum
1073 2453 1255 2541 partitione

176 2581 264 2649 inter
282 2580 441 2669 hoplites,
473 2580 617 2669 equites
643 2579 758 2648 fabros
786 2579 978 2649 statuebant
1006 2601 1067 2648 suo
1098 2580 1248 2667 arbitrio,

175 2704 267 2794 quod
286 2706 432 2775 solemni
447 2705 594 2774 formula
607 2714 734 2801 φρουρὰν
751 2713 857 2801 φαίνειν
876 2703 1078 2773 dicebatur.
1092 2706 1173 2784 Quis
1192 2728 1249 2775 au-

171 2836 242 2901 tem
259 2832 370 2899 nescit
394 2830 482 2898 hanc
501 2830 648 2899 militum
680 2830 955 2899 distributionem
974 2830 1065 2920 apud
1096 2836 1245 2918 ueteres

170 2958 290 3047 primis
310 2956 449 3047 quidem
463 2957 673 3046 temporibus
689 2957 735 3025 ita
749 2978 768 3026 e
782 2956 913 3025 oinium
927 2975 1033 3024 censu
1043 2955 1247 3045 pependisse

170 3089 276 3173 utpro
288 3083 503 3152 fortunarum
516 3103 656 3152 suarum
671 3084 909 3165 estimatione,
927 3082 963 3149 in
978 3083 1104 3151 classes
1121 3083 1248 3172 quique

170 3208 263 3277 cives
273 3226 316 3275 ex
330 3202 448 3277 ordine
458 3207 710 3276 collocarentur
725 3214 740 3275 ‘t
755 3210 796 3276 Et
802 3207 944 3276 Athenis
953 3207 1086 3278 Solonis
1094 3206 1243 3296 legibus

169 3336 208 3399 ut
224 3331 351 3417 ferunt,
374 3338 409 3401 et
426 3332 541 3401 Romae
560 3333 666 3405 Servii
692 3333 793 3402 Tullii
811 3332 1050 3405 constitutione
1069 3333 1247 3424 descripte

80 3593 84 3601 ,
209 3536 217 3571 ¹
244 3526 391 3610 Thucyd„
408 3531 465 3605 IV,
482 3530 532 3593 80.

206 3641 219 3678 ²
240 3635 289 3699 Gt.
306 3652 387 3715 sup,
404 3652 471 3715 pag.
493 3634 541 3697 18.

202 3742 214 3779 ³
235 3744 382 3821 recepe,
400 3744 505 3805 Delta
521 3741 604 3823 publ.
622 3742 805 3817 heredem,
824 3744 872 3805 ll.

203 3847 216 3886 ⁸
238 3846 384 3928 Kanope„
400 3848 533 3925 Hellen,
550 3850 635 3925 11,4‚
651 3850 708 3925 293
725 3852 783 3926 111,
798 3852 836 3913 23
851 3851 946 3925 et253
964 3850 1022 3924 IV,
1038 3851 1069 3926 2,
1081 3851 1110 3913 9.
1127 3850 1245 3931 Ubique

162 3959 193 4020 in
211 3956 379 4033 ,Hellenicis
403 3957 548 4039 reperitur
570 3957 633 4019 baro
656 3958 782 4021 formula
807 3976 895 4039 quam
928 3958 1107 4023 Plutarchus
1129 3976 1245 4040 quoque

165 4065 331 4147 usurpauit.
1179 4090 1183 4098 ·
