3159 5059
803 464 842 479 ..
862 432 900 496 ῃ
922 464 961 479 ..

343 576 531 662 sequuntur
547 570 594 660 (d.
617 568 671 659 15)
685 592 693 639 ε
712 594 729 637 u
746 569 896 649 Quiescit
910 570 1069 661 populus,
1087 571 1169 661 quia
1197 571 1365 662 particeps
1380 572 1422 640 tit

343 694 470 763 summi
484 694 700 783 magistratus
711 691 759 763 ⁸».
773 694 850 764 Non
863 694 955 763 enim
970 695 1143 784 quieuisso
1158 715 1178 765 e
1190 695 1421 785 Xenophonte

313 847 320 857 ·
343 821 485 909 aliisque
504 819 725 909 scriptoribus
745 820 874 889 scimus
887 820 1143 889 multitudinem
1153 819 1415 905 subminorum3

342 964 397 1013 ros
410 944 588 1013 notissima
605 943 792 1013 notissimis
811 944 977 1033 exemplis
991 943 1089 1013 iacile
1104 944 1266 1013 illustrari
1282 951 1417 1033 potest:

341 1074 379 1137 ut
401 1069 597 1138 omittamus
617 1068 708 1137 enim
734 1068 855 1137 ciuiles
879 1074 992 1137 motus
1021 1075 1097 1158 post
1124 1068 1215 1137 bella
1247 1069 1422 1137 messenia

340 1193 535 1276 concitatos,
549 1189 591 1260 de
610 1188 804 1277 Pausania,
818 1191 861 1261 de
875 1189 1059 1261 Cinadone³
1072 1193 1129 1261 uel
1148 1192 1191 1262 de
1210 1190 1421 1281 quibusdam

339 1317 486 1405 Agesilai
513 1316 700 1407 aequalibus
715 1315 727 1350 ⁴
742 1336 852 1386 nouas
866 1337 921 1385 ros
940 1316 1160 1386 molientibus
1183 1316 1361 1405 cogitetur.
1390 1318 1421 1383 Α

341 1439 506 1528 spartanis
527 1445 640 1508 autem
661 1444 796 1507 tomoer's
814 1440 995 1508 conflatam
1014 1439 1219 1509 seditionem
1237 1459 1315 1508 esse
1335 1460 1422 1507 nus-

341 1584 443 1655 quam
462 1564 621 1633 uidemus
640 1569 756 1634 contra
779 1571 918 1633 sanatus
933 1564 1209 1654 ephororumque
1237 1566 1422 1634 auctorita-

341 1699 410 1760 tem
439 1698 472 1761 et
496 1691 649 1761 consilia.
684 1692 709 1760 ll
738 1690 863 1781 quihus
891 1691 1029 1759 tandem
1064 1690 1341 1761 concludendum
1369 1699 1423 1761 est

240 1885 242 1889 ⁴
340 1819 485 1908 ephoros
505 1839 523 1888 e
542 1818 670 1909 populo
694 1818 749 1887 cui
773 1818 941 1907 optimum
964 1817 1019 1885 ius
1039 1817 1186 1885 ciuitatis
1207 1819 1422 1907 contingeret

340 1947 540 2038 desumptus
564 1947 684 2017 tuisse.
716 1947 847 2037 ltaque,
877 1945 1088 2013 contrahitur
1115 1965 1281 2015 numerus
1300 1966 1421 2015 eorum

342 2074 401 2163 qui
421 2074 584 2163 ephoratu
605 2072 718 2141 ornari
728 2071 912 2161 potuerint.

391 2199 474 2268 Aliae
494 2204 574 2267 sunt
586 2198 791 2287 quaestiones
806 2196 849 2265 de
862 2196 912 2266 eis
927 2195 1052 2285 quihus
1061 2198 1098 2265 in
1112 2196 1268 2266 creandis
1282 2198 1421 2288 ephoris

339 2329 454 2413 partes
467 2322 594 2391 fuerint
607 2328 640 2390 et
653 2319 695 2389 de
710 2320 841 2389 ratione
854 2318 991 2387 creandi
1002 2321 1185 2409 collegium
1196 2320 1416 2411 ephororum.

339 2448 418 2525 Quae
442 2467 544 2537 quam
571 2441 660 2515 arcte
679 2445 766 2515 inter
784 2465 822 2513 se
836 2445 1017 2513 coniuncta
1042 2447 1110 2514 sint
1126 2467 1229 2515 nemo
1261 2453 1313 2516 est
1333 2447 1417 2537 quin

336 2571 462 2641 uideat.
495 2573 591 2641 Certa
615 2592 697 2643 uero
724 2570 766 2641 de
789 2578 932 2661 utraque
959 2592 996 2641 re
1024 2572 1061 2639 in
1087 2571 1240 2643 medium
1271 2571 1418 2662 proferri

337 2702 522 2787 nequeunt.

386 2825 415 2891 A
433 2822 572 2912 rogihus
584 2842 643 2892 eos
663 2830 795 2891 creatos
809 2841 885 2891 esse
899 2820 977 2890 inde
990 2820 1077 2891 effici
1095 2825 1207 2911 potest
1216 2820 1310 2910 quod
1325 2822 1419 2912 apud

338 2949 557 3017 Plutarchum
576 2947 735 3017 Anaxilas
754 2966 816 3015 rex
832 2946 1058 3034 interrogatur
1074 2969 1092 3010 u
1109 2945 1168 3034 qui
1187 2944 1246 3014 fiat
1263 2952 1302 3014 ut
1320 2946 1417 3034 regi-

337 3074 402 3143 hus
417 3092 488 3142 non
510 3078 649 3161 surgant
667 3072 799 3164 ephori,
821 3070 863 3139 ah
891 3071 933 3139 iis
953 3077 1068 3139 tamen
1087 3070 1229 3137 instituti
1246 3066 1258 3102 ⁵
1277 3093 1308 3137 a.
1333 3070 1414 3154 Sed,

339 3203 377 3267 ut
400 3203 574 3267 taceamus
595 3216 699 3286 quam
721 3196 850 3265 incerta
871 3196 939 3263 sint
960 3194 1244 3285 apophthegmata
1262 3214 1281 3263 e
1310 3196 1417 3265 variis

336 3323 421 3393 locis
447 3325 605 3413 excerpta
632 3320 773 3392 contuse
799 3327 833 3391 et
858 3318 1116 3390 adscribendas
1142 3319 1232 3388 uitas
1260 3318 1414 3408 undique

378 3628 387 3662 ¹
411 3624 517 3697 Arist,
536 3617 618 3696 Pol,
635 3618 677 3692 ΙΙ,
694 3616 724 3691 6,
746 3616 790 3679 15.
811 3606 911 3688 letti,
933 3610 1040 3673 [7-19.
1057 3610 1155 3673 Belk.
1171 3610 1241 3671 mai.

378 3730 391 3768 ²
414 3730 560 3809 Thucyd,
576 3727 602 3802 Ι,
620 3724 764 3788 Ι3Ι·135.
787 3725 878 3787 Coro.
894 3721 981 3800 Nep„
1002 3720 1107 3794 Paua,
1124 3719 1194 3781 3·5.

378 3842 390 3880 ³
412 3839 558 3918 Kereoph„
577 3834 710 3907 Hellen..
727 3833 786 3908 ΙΙΙ,
805 3829 834 3907 3,
851 3830 880 3893 5.

376 3947 388 3987 ⁴
410 3949 505 4022 etur,
522 3942 649 4025 Agesil,
666 3941 713 4004 32.
1286 4006 1291 4015 .

375 4060 387 4096 ⁸
408 4057 510 4129 riou,
527 4049 676 4132 Apophth.
693 4047 789 4111 lacon.
808 4043 943 4120 Annali,
959 4062 986 4109 c.
1003 4043 1033 4121 7,
1049 4042 1096 4106 ed.
1113 4041 1214 4105 nidor.
