3159 5059
815 425 989 489 --104φ

358 566 564 655 ephororum
582 556 780 633 auctoritate
795 563 951 654 euenerit
964 563 1024 631 uix
1038 563 1202 653 suspicari
1213 570 1339 653 potest,
1357 586 1435 636 cum

356 668 469 761 desint
481 689 554 761 fere
569 690 709 759 omnino
729 688 948 758 documenta.
967 688 1048 757 Illos
1063 687 1190 757 iudicia
1203 709 1284 758 oum
1297 692 1437 780 regibus

355 817 549 885 exercuisse
573 814 682 883 conici
712 819 845 882 tantum
873 818 986 903 potest
1013 834 1032 882 c
1059 815 1135 884 loco
1165 815 1342 884 Pausania
1368 819 1435 885 iam

354 939 526 1011 laudato⁴.
545 942 624 1009 Veri
656 940 768 1009 simile
786 944 838 1009 est
865 960 925 1009 eos
952 940 1083 1008 maiora
1111 942 1324 1026 tractauisse‚
1353 942 1433 1011 dum

353 1070 445 1141 bella
457 1069 628 1141 messenia
646 1068 872 1156 gerebantur;
889 1066 983 1157 quod
1000 1066 1146 1136 libenter
1164 1068 1288 1139 Dumio
1308 1091 1432 1141 conce-

354 1195 480 1280 dimus,
498 1194 560 1265 sed
579 1216 620 1265 ex
636 1194 712 1263 aliis
731 1193 846 1263 causis
865 1198 969 1284 atque
989 1194 1048 1264 ille
1068 1195 1213 1265 credidit
1230 1203 1345 1266 ortum
1359 1218 1432 1269 esse

353 1322 565 1390 arbitramur.
581 1322 667 1387 Nam
682 1320 717 1387 hi
731 1320 962 1408 magistratus
984 1320 1199 1409 optimatium
1210 1322 1329 1406 duces,
1347 1324 1430 1411 regi·

352 1448 417 1516 bus
431 1444 640 1530 absentibus,
667 1465 852 1535 personam
876 1445 1024 1515 ciuitatis
1049 1454 1241 1535 gesserunt,
1268 1452 1429 1539 quoniam

352 1594 421 1641 una
439 1572 620 1642 constituta
639 1578 690 1641 est
709 1570 801 1662 apud
819 1572 1002 1661 Spartanos
1021 1580 1172 1663 potestas
1199 1582 1233 1644 et
1261 1576 1298 1644 in
1320 1578 1429 1647 maius

352 1704 463 1781 aucta,
494 1716 572 1765 cum
594 1702 788 1765 exterarum
808 1696 961 1784 gentium
979 1696 1125 1785 negotiis
1144 1700 1284 1789 propius
1307 1720 1345 1769 se
1364 1703 1428 1770 im-

278 1858 281 1863 ·
351 1824 562 1893 miscuerunt
579 1822 746 1913 Spartani,
769 1822 897 1890 ciuium
918 1842 1039 1891 eorum
1057 1829 1262 1912 potestatem
1280 1825 1358 1895 dico
1372 1831 1428 1918 qui

350 1949 595 2019 hereditarium
617 1968 738 2037 agrum
758 1946 979 2017 obtinuerunt
1001 1953 1035 2017 et
1049 1950 1207 2039 antiquos
1225 1971 1341 2022 mores
1356 1975 1428 2024 ser-

352 2078 532 2144 uauerunt.
556 2075 667 2163 Atque
682 2073 751 2141 iarn
767 2072 1037 2141 demonstratum
1059 2080 1111 2142 est
1128 2095 1249 2144 eorum
1268 2075 1431 2148 dilectum

350 2206 384 2269 et
415 2218 601 2268 numerum
633 2195 675 2267 ab
708 2198 917 2289 ephororum
950 2196 1063 2267 officio
1092 2220 1155 2289 pro
1183 2220 1308 2290 magna
1338 2210 1432 2294 parte

352 2325 567 2415 pependisse.
581 2326 657 2393 Non
668 2324 770 2413 igitur
784 2325 913 2392 mirum
929 2328 980 2392 est
995 2324 1023 2392 si
1036 2324 1170 2415 ephori,
1187 2324 1319 2397 ordinis
1329 2329 1432 2398 huius

349 2457 505 2519 auctores
525 2470 593 2519 una
612 2454 647 2519 et
664 2450 798 2534 uicarii,
821 2470 859 2518 se
887 2448 985 2541 quasi
1013 2455 1254 2538 procuratores
1284 2453 1431 2524 ciuitatis

349 2579 578 2667 praestiterunt
593 2582 627 2647 et
650 2578 753 2647 totius
767 2576 818 2645 rei
837 2575 983 2667 publica
1002 2577 1167 2665 paulatim
1189 2578 1244 2647 ius
1261 2580 1429 2651 adminis-

348 2708 492 2787 trarunt‚
518 2723 597 2772 oum
620 2722 675 2771 res
695 2702 783 2771 inter
806 2701 1087 2771 Lacedaemonem
1107 2702 1262 2793 aliosque
1281 2708 1426 2796 populos

346 2833 582 2898 tractarentur.
604 2827 676 2897 Iam
690 2826 790 2897 bellis
809 2827 953 2896 Persicis
967 2847 1045 2916 quae
1059 2830 1203 2898 consilia
1217 2850 1272 2900 res
1291 2832 1427 2921 publica

346 2956 467 3045 capiat,
504 2954 676 3038 indicant3
708 2974 767 3023 eos
798 2953 926 3022 adeunt
964 2953 1227 3023 Atheniensium
1262 2957 1366 3047 legati
1395 2968 1427 3030 et

346 3080 490 3149 Chilaeos
504 3080 666 3170 Tegeates
681 3079 848 3147 auxilium
862 3083 1018 3167 petentes
1033 3098 1053 3146 a
1066 3078 1335 3151 Lacedaemoniis
1350 3092 1426 3155 ante

345 3225 497 3296 pugnam
517 3204 609 3295 apud
628 3205 769 3273 Plataeas
783 3201 1085 3273 committendam²
1099 3228 1106 3290 3
1124 3227 1185 3296 per
1199 3208 1424 3279 ministerium

345 3354 465 3402 eorum
479 3352 643 3422 responsa
662 3353 724 3401 sua
743 3331 802 3401 dat
821 3332 954 3401 ciuitas.

391 3456 492 3546 Apud
518 3455 751 3546 Thucydidem
775 3456 954 3525 etiamtum
983 3456 1121 3545 negotia
1148 3458 1286 3547 publica
1323 3463 1424 3532 simul

342 3580 503 3671 populus,
517 3580 635 3671 ephori
653 3584 688 3651 et
700 3584 875 3649 senatores
894 3583 1036 3649 tractare
1055 3580 1216 3651 uidentur
1231 3579 1257 3668 ³,
1280 3586 1342 3654 sed
1355 3587 1420 3655 iam

384 3848 394 3886 ¹
419 3841 466 3903 Oi.
484 3860 563 3924 sup,
582 3860 648 3923 pag.
665 3838 695 3904 9.

382 3939 395 3979 ²
417 3948 540 4023 Herod,
557 3948 613 4021 IX,
630 3946 661 4019 7,
679 3948 709 4023 8,
727 3946 756 4008 9.

384 4050 396 4090 ³
420 4054 566 4133 Thucyd,
585 4054 642 4129 VI,
659 4051 712 4115 88.
