3159 5059
813 397 971 459 -1a-

353 556 470 605 rorum
489 555 616 603 munus
635 536 764 623 integra
788 536 985 603 auctoritate
1005 535 1208 604 instructum
1227 543 1354 622 manet,
1371 538 1426 604 in-

350 660 562 749 scriptiones
589 659 705 747 legum
727 665 761 728 et
784 665 937 727 actorum
963 658 1178 747 publicorum
1202 660 1311 744 tituli;
1348 682 1425 749 quae

347 793 462 856 tamen
488 772 692 857 documenta
720 808 784 856 nec
812 787 1035 871 Herodotum,
1067 809 1179 878 neque
1207 791 1425 858 Plutarchum

350 916 465 1004 ipsum
483 915 622 983 omnino
652 914 861 985 defecerunt.
884 916 968 983 Cum
992 922 1105 985 autem
1127 917 1275 985 multum
1301 918 1426 986 distent

351 1042 435 1109 alter
458 1040 499 1109 ab
522 1042 640 1125 altero,
666 1041 799 1110 medios
832 1042 1013 1142 scriptores
1035 1041 1156 1111 eadem
1183 1043 1292 1131 copia,
1324 1049 1426 1132 prout

351 1165 565 1235 existimandi
581 1165 777 1234 facultatem
797 1168 919 1256 cuique
942 1188 1063 1236 eorum
1084 1169 1273 1257 contigisse
1286 1189 1425 1258 compe-

353 1292 473 1375 rimus,
492 1312 573 1359 usos
593 1312 669 1360 esse
688 1292 807 1379 liquet,
826 1292 951 1381 deque
964 1292 1025 1360 uix
1041 1293 1253 1361 monendum
1272 1300 1335 1361 est.

394 1418 464 1485 Hos
485 1416 599 1505 igitur,
620 1418 820 1506 priusquam
848 1438 967 1485 eorum
987 1418 1171 1485 sententias
1200 1417 1301 1506 paulo
1323 1437 1425 1485 accu-

346 1543 451 1609 ratius
479 1540 672 1609 existimare
697 1541 938 1630 inceperimus,
963 1563 1023 1632 pro
1043 1548 1140 1611 aetate
1163 1548 1195 1611 et
1227 1542 1424 1609 auctoritate

346 1666 474 1734 uiritim
495 1685 759 1734 rencenseamus
789 1686 931 1735 necesse
957 1671 1019 1734 est.
1049 1667 1178 1755 Saepius
1197 1668 1301 1748 enim,
1324 1666 1424 1733 omis-

350 1790 397 1858 sis
416 1794 609 1879 temporum
637 1789 837 1873 rationibus,
867 1795 925 1857 aut
954 1791 1108 1877 neglecta
1132 1791 1291 1858 contiuua
1324 1790 1426 1858 totius

348 1914 414 2001 loci
435 1915 585 1996 notione,
603 1934 643 1981 eo
663 1912 765 1982 modo
785 1914 906 1982 collata
925 1920 1005 1981 sunt
1020 1916 1106 1981 inter
1120 1935 1157 1983 se
1171 1919 1328 1982 ueterum
1355 1919 1426 1981 tes-

349 2040 502 2142 timonia,
525 2045 562 2106 ut
576 2038 786 2123 nouissimis,
812 2039 869 2107 uel
888 2039 1043 2125 singulis,
1064 2040 1122 2107 uel
1141 2040 1183 2107 de
1201 2044 1292 2107 certo
1313 2039 1426 2126 aliquo

353 2166 494 2234 consilio
519 2166 727 2255 expromptis
755 2164 970 2255 opinionibus
998 2164 1118 2232 eadem
1137 2165 1222 2233 fides
1245 2164 1360 2233 habita
1383 2166 1428 2232 sit

352 2295 453 2379 atque
473 2287 686 2357 documentis
706 2288 950 2377 antiquissimis
977 2293 1009 2355 et
1028 2288 1159 2355 sincero
1179 2289 1292 2356 animo
1310 2288 1425 2377 prola-

350 2416 405 2483 tis.
430 2415 482 2483 Sic
506 2413 723 2481 doctissimus
749 2414 821 2501 ipse
847 2413 901 2480 uir
921 2414 1077 2493 Dumius‚
1096 2433 1184 2480 ⁴cum
1204 2433 1307 2493 unus
1335 2411 1428 2501 quod

350 2542 467 2623 sciam,
487 2539 638 2627 diligenti
653 2538 777 2606 iudicio
793 2538 964 2627 praecipua
978 2558 1053 2625 quae
1073 2544 1205 2605 exstant
1223 2536 1266 2606 de
1286 2538 1425 2625 ephoris

348 2684 593 2753 recognoscere
613 2665 772 2748 uoluerit,
796 2666 853 2731 uix
873 2662 1082 2731 Herodotum
1094 2664 1224 2751 attigit:
1249 2663 1331 2751 quin
1351 2664 1427 2730 eius

352 2790 459 2859 uerba
473 2788 629 2879 quaedam
638 2788 805 2877 simplicia
815 2787 974 2875 areliquo
990 2787 1055 2854 loci
1069 2788 1225 2875 exemplo
1241 2787 1388 2855 seiunxit
1398 2783 1424 2871 ⁴,

352 2913 580 2981 narrationem
599 2932 682 2980 uero
697 2912 866 2979 Plutarchi
883 2911 919 2978 in
944 2910 1134 2979 Cleomenis
1158 2911 1240 3001 uita,
1270 2911 1325 2995 10,
1350 2932 1427 2998 quae

354 3035 591 3106 commenticia
611 3034 766 3117 habetur,
791 3033 909 3103 libenti
929 3034 1042 3101 animo
1070 3034 1264 3121 explanauit
1282 3038 1387 3100 totam
1403 3047 1422 3099 ·.

401 3161 476 3228 Alia
485 3160 560 3248 lege
576 3180 652 3247 quae
671 3159 864 3247 accepimus
885 3158 926 3225 de
945 3156 1081 3245 ephoris
1095 3161 1237 3224 tractare
1263 3155 1423 3244 oportuit,

351 3307 420 3355 non
440 3292 510 3353 tam
527 3282 739 3352 numeranda
757 3303 861 3371 quam
879 3280 1129 3371 perpendenda.

397 3411 470 3478 Hoc
485 3414 598 3477 autem
627 3408 840 3496 inpromptu
860 3409 912 3474 est
934 3405 999 3472 ista
1018 3424 1058 3473 eo
1078 3404 1221 3473 certiora
1235 3410 1268 3474 et
1290 3404 1427 3472 utiliora

388 3612 398 3646 ¹
415 3608 447 3669 G.
462 3604 550 3675 Dum,
567 3600 702 3663 Elutsleh.
715 3600 773 3661 und
785 3599 942 3661 Enlwiclrl,
954 3598 1148 3678 desSpartan.
1159 3598 1285 3679 Riphea,
1295 3617 1361 3679 pag.
1374 3599 1424 3661 al.

350 3711 502 3791 (Herodol)
526 3709 666 3771 herichtet
694 3710 724 3769 in
748 3709 830 3768 einer
852 3708 970 3767 Kurzen
990 3709 1075 3769 Notiz
1090 3707 1180 3770 ueher
1198 3710 1245 3769 die
1267 3708 1424 3769 Reiormen

349 3824 400 3885 des
422 3820 544 3901 Lylrurg
565 3816 650 3891 auch,
667 3814 733 3877 dass
748 3814 843 3875 dieser
867 3812 935 3874 ldie
950 3813 1093 3893 Ephoren
1109 3814 1169 3876 und
1191 3816 1337 3877 Geronten
1359 3814 1425 3875 aul-

346 3929 478 3991 stellte».

387 4033 399 4072 ²
418 4036 479 4109 ld,
497 4030 587 4107 Ibid.‚
604 4049 673 4113 pag.
689 4031 727 4096 39
742 4048 809 4111 sqq.
