3159 5059
789 447 949 512 ..66-

198 580 201 587 “
329 609 480 677 comper
502 588 653 679 quinque
673 589 799 657 saecula
821 594 856 658 et
874 588 1022 678 amplius
1040 587 1224 657 inditione
1243 607 1306 656 sua
1323 606 1410 657 con-

328 714 511 783 tinuerunt.

376 838 428 907 Ad
441 858 482 907 ea
500 844 613 909 autem
628 838 883 929 comprobanda
896 838 1108 930 perpendere
1123 843 1176 908 sat
1188 838 1264 920 erit,
1282 836 1412 905 omissa

329 962 430 1031 etiarn
444 982 560 1033 rerum
579 968 751 1051 gestarum
770 983 790 1031 a
809 964 982 1052 Spartanis
1000 963 1207 1040 narratione,
1229 980 1305 1051 quae
1319 979 1410 1029 una·

328 1088 422 1159 nimo
449 1107 618 1157 consensu
645 1087 688 1157 de
716 1088 855 1178 antiqua
883 1087 1221 1157 Lacedaemoniorum
1246 1087 1408 1155 constitu·

329 1212 420 1283 tione
446 1212 584 1281 tradunt
614 1233 734 1283 omnes
764 1213 948 1302 scriptores
976 1212 1017 1280 ab
1046 1210 1218 1281 Herodoto
1236 1231 1347 1299 usque
1365 1208 1413 1277 ad

331 1337 605 1427 Xenophontem.
629 1339 662 1409 si
677 1340 928 1409 controuersias
947 1339 1040 1409 enim
1057 1338 1311 1419 sustulerimus,
1336 1337 1412 1403 haec

330 1461 481 1530 manebit
502 1461 661 1557 omnibus
676 1464 870 1533 communis
883 1462 986 1547 fama,
1004 1482 1127 1552 nempe
1154 1482 1271 1531 rerum
1292 1460 1410 1548 lycur-

331 1606 395 1674 gea
409 1606 486 1675 qum
505 1585 627 1655 dicitur
644 1589 833 1657 mutatione
848 1588 1043 1657 ordinatum
1057 1607 1134 1655 esse
1147 1586 1347 1668 exercitum,
1368 1582 1412 1651 ad

332 1728 436 1798 quem
457 1710 672 1799 pertinebant
692 1720 726 1781 et
747 1712 871 1781 diuisio
890 1711 1007 1802 populi
1033 1712 1068 1779 in
1095 1711 1222 1779 classes
1246 1708 1412 1799 quasdam

253 1892 255 1897 .
332 1839 366 1904 et
398 1832 567 1922 syssitia⁴,
605 1836 830 1924 compositam
861 1842 1013 1904 ceterum
1045 1834 1175 1903 curiam
1206 1832 1250 1901 ad
1281 1838 1414 1903 certum

333 1962 529 2033 senatorum
547 1979 742 2027 numerum.

382 2083 502 2152 Nonne
517 2084 585 2151 iam
599 2089 738 2173 apparet
756 2105 831 2167 our,
854 2088 929 2174 post
943 2085 982 2153 0.
1005 2079 1242 2167 Muellerumi,
1260 2086 1414 2152 recentes

337 2206 547 2295 antiquitatis
570 2208 782 2298 interpretes,
808 2209 890 2277 haut
908 2206 1163 2291 contemnendi,
1184 2213 1222 2274 ut
1242 2204 1414 2294 Kopstad-

336 2326 444 2414 tius³,
466 2328 644 2416 Dumins⁴,
668 2337 706 2399 H.
731 2328 858 2399 Bazio⁵
883 2333 1030 2421 ephoros
1050 2330 1093 2399 ad
1116 2351 1246 2400 meram
1268 2329 1415 2417 Lycurgi

337 2453 613 2523 constitutionem
642 2456 756 2524 minus
781 2454 950 2546 quadrare
974 2454 1232 2524 contenderint?
1257 2454 1416 2521 Fortasse

340 2578 420 2667 quia
429 2578 465 2645 in
476 2599 545 2647 ea«
562 2580 704 2649 mixtam
715 2586 748 2651 et
757 2587 980 2671 temperatam
991 2582 1040 2650 rei
1050 2579 1196 2670 publicae
1207 2571 1372 2649 formam⁸
1394 2601 1414 2643 o

339 2722 524 2789 agnoscere
547 2703 744 2773 uoluerunt.
766 2707 810 2773 At
826 2725 896 2773 non
915 2705 1192 2774 commenticium
1213 2724 1289 2774 esse
1307 2704 1419 2793 potuit

340 2826 406 2894 hoc
423 2828 594 2914 regimen;
625 2829 793 2919 rationem
819 2829 946 2898 hahere
973 2830 1123 2919 oportuit
1142 2836 1176 2898 et
1203 2830 1418 2919 optimatium

278 2960 282 2966 “
341 2957 374 3032 et
403 2950 611 3021 discriminis
640 2954 770 3043 inquo
800 2952 1000 3023 uersabatur
1029 2954 1181 3043 quotidie
1210 2955 1342 3023 ciuitas.
1364 2955 1419 3022 Ad

341 3094 528 3164 paucorum
548 3083 581 3147 et
595 3078 784 3167 primorum
803 3079 1133 3150 administrationem
1151 3080 1296 3170 pertinet
1313 3080 1416 3169 epho-

379 3302 388 3340 ¹
412 3305 616 3381 dictrictum,
636 3309 682 3369 De
699 3308 872 3387 Spartanor.
891 3308 1012 3388 Syssit„
1030 3326 1094 3389 pag.
1113 3308 1150 3371 32
1165 3326 1228 3387 sqq.

378 3420 390 3459 ²
413 3416 444 3478 0.
460 3415 581 3490 notter,
599 3418 654 3477 Die
672 3418 760 3488 Dor„
777 3424 848 3478 tom.
865 3417 908 3490 II,
925 3434 992 3496 pag,
1013 3416 1156 3478 tit-129.

380 3520 567 3599 ³Koprtodt‚
592 3523 642 3583 De
662 3539 759 3583 rerum
777 3522 915 3583 Laconic.
937 3524 1085 3583 constitut.
1110 3523 1238 3602 Lycurg.
1258 3523 1364 3601 origin.
1389 3530 1416 3583 et

340 3628 447 3702 indole,
465 3646 529 3709 pag.
552 3628 696 3691 tte-tal.

380 3737 392 3775 ⁴
415 3738 447 3798 G.
464 3738 555 3811 Dum,
574 3737 707 3801 Entsteh.
728 3738 785 3799 und
802 3736 958 3801 Entwickl.
976 3738 1029 3799 des
1046 3740 1184 3819 Spartan.
1202 3738 1329 3818 Ephor.,
1345 3757 1415 3819 pag.

343 3845 449 3910 53·54.

382 3954 393 3989 ³
415 3952 451 4013 H.
468 3953 578 4027 Burin,
595 3954 640 4014 De
656 3954 801 4033 Lycurgo.
818 3972 882 4034 pag.
904 3954 1047 4016 too-111.

382 4062 394 4096 ⁶
415 4058 475 4131 id„
491 4057 573 4133 ibid,
591 4076 657 4138 pag.
676 4058 747 4122 111.
