3159 5059
788 400 947 464 -36-
1058 400 1062 407 ’

333 560 410 609 esse
425 561 502 631 quea
517 541 559 609 de
574 540 756 629 ephoratus
767 541 976 611 institutione
990 542 1165 611 memoria
1174 541 1306 631 prodita
1319 541 1406 609 fuis-

332 668 426 750 sent,
445 682 488 735 ex
502 662 731 734 additamento
746 685 765 734 a
778 665 917 734 Platone
930 669 965 735 et
978 664 1019 732 ch
1030 664 1319 753 Aristotelepriori
1332 684 1406 733 nar-

331 787 452 855 rationi
472 787 615 873 ediecto,
638 790 673 857 in
689 789 817 859 Gracia
835 810 911 859 sera
929 793 1026 859 aetate
1045 789 1118 877 regi
1136 789 1196 857 uni
1210 789 1313 857 huius
1331 809 1407 858 ma·

330 911 490 999 gistratus
512 914 747 983 inuentionem
777 934 853 985 esse
875 914 1050 983 tributam.
1083 913 1180 992 Quod
1202 914 1288 982 nihil
1315 912 1408 982 aliud
1455 960 1460 969 ·

329 1056 394 1105 nos
411 1036 521 1121 docet,
540 1058 643 1129 quam
656 1025 808 1107 fabulam
822 1039 952 1128 ipsam;
969 1036 1049 1108 inde
1062 1039 1129 1107 hoc
1142 1044 1274 1107 tantum
1288 1058 1408 1108 eruere

329 1156 411 1229 licet
425 1162 623 1249 posterioris
636 1162 841 1231 narrationis
855 1167 1010 1231 auctores
1024 1182 1106 1231 uera
1123 1163 1329 1251 ephororum
1341 1162 1406 1251 pri-

329 1284 463 1355 mordia
491 1286 698 1375 ignorantes
730 1285 773 1353 ad
805 1286 841 1354 id
872 1290 1008 1375 tempus
1034 1306 1075 1354 ea
1102 1287 1297 1371 contulisse,
1328 1308 1407 1356 cum
1478 1382 1481 1385 ἱ

329 1411 460 1480 maiore
474 1430 579 1499 quam
594 1416 693 1479 antea
709 1414 875 1501 potestate
889 1410 1095 1501 ephororum
1111 1432 1236 1481 munus
1250 1418 1407 1481 ornatum

331 1537 536 1627 apparuerit.

378 1660 428 1729 De
447 1659 638 1732 Cleomenis
659 1659 750 1749 apud
763 1658 983 1729 Plutarchum
996 1661 1164 1729 sententia
1177 1682 1253 1751 quae
1267 1661 1406 1753 quidem

329 1783 428 1853 tertia
447 1785 595 1853 narratio
614 1784 784 1874 profertur
803 1790 894 1854 recte
913 1784 1081 1855 iudicasse
1100 1785 1200 1855 nohis
1217 1791 1279 1854 Ed.
1300 1788 1407 1871 Meyer

193 1902 195 1906 ⁴
330 1905 478 1992 uidetur,
498 1908 556 1996 qui
575 1908 765 1977 restitutam
780 1928 857 1978 esse
872 1907 918 1975 ihi
937 1909 1088 1978 ineuntis
1106 1909 1407 1999 ephoratushisto·

329 2032 416 2099 riam
443 2031 644 2117 arbitratur,
671 2052 712 2102 eo
741 2033 881 2101 iuuante
910 2031 1034 2101 indicio
1064 2031 1157 2121 quod
1185 2033 1229 2101 ad
1256 2033 1406 2102 tribunal
1513 2030 1517 2035 ’

329 2156 537 2245 ephororum
556 2163 609 2225 ter
628 2157 740 2225 uocati
754 2176 853 2245 reges
868 2154 987 2224 adesse
1006 2154 1215 2243 cogebantur
1232 2154 1258 2225 ¹.

377 2282 566 2373 Utcumque
590 2281 665 2363 erit,
688 2281 809 2349 ultima
827 2279 982 2349 omnium
996 2278 1087 2347 edita
1108 2285 1188 2348 sunt
1211 2303 1289 2371 quae
1308 2282 1407 2353 Cleo-

329 2426 450 2477 menes
479 2406 569 2497 apud
596 2405 815 2475 Plutarchum
848 2405 974 2494 posuit,
1004 2424 1069 2473 nee
1099 2407 1175 2475 aliis
1203 2408 1409 2479 testimoniis

331 2532 474 2601 munita.

378 2658 486 2744 Unde,
504 2658 547 2729 ad
557 2678 740 2742 summam,
758 2658 1034 2729 concludendum
1047 2659 1203 2750 estquod
1221 2660 1409 2750 saepissime

331 2784 471 2853 allatum
495 2804 570 2853 esse
593 2804 663 2852 non
683 2785 894 2873 ignoramus,
923 2785 1086 2856 Herodoti
1106 2786 1410 2875 Xenophontisque

330 2929 413 2978 uera
432 2908 625 2977 testimonia
643 2908 749 2978 fuisse
769 2915 802 2978 et
825 2911 1028 2999 ephoratum
1046 2911 1082 2978 in
1100 2910 1347 3000 antiquissimis
1367 2911 1410 2981 iis

332 3032 494 3101 institutis
503 3030 756 3101 numerandum
771 3053 849 3103 esse
860 3054 1008 3124 quorum
1019 3034 1113 3122 origo
1128 3035 1254 3122 uulgus
1268 3033 1406 3103 latebat.
1506 3073 1510 3080 ·

332 3157 404 3225 Hoc
414 3162 528 3226 autem
538 3156 779 3246 munus,quod
788 3159 932 3247 qualeue
942 3145 1148 3229 lueritnullo
1159 3158 1410 3248 quidemmodo

331 3280 397 3349 nisi
411 3280 614 3349 coniecturis
633 3278 828 3349 adumbrari
847 3286 968 3369 potest.

381 3404 430 3472 Ex
455 3404 560 3472 altere
582 3406 677 3493 parte
697 3425 772 3493 qum
792 3404 914 3472 tradita
932 3409 1052 3474 sunta
1078 3406 1227 3474 Platonis
1256 3410 1411 3495 tempore

332 3549 443 3619 usque
454 3528 497 3597 ad
506 3528 724 3598 Plutarchum
733 3527 782 3619 (in
791 3529 918 3597 Cleom.
931 3529 1028 3620 uita),
1040 3531 1261 3619 congruentia
1271 3530 1412 3621 quidem

334 3653 377 3723 ad
402 3653 609 3743 Theopompi
636 3672 837 3742 personam,
859 3674 939 3721 oum
957 3654 1089 3723 ratione
1112 3655 1276 3723 Herodoti
1293 3656 1411 3723 Xeno-

334 3778 538 3869 phontisque
558 3776 729 3845 conciliari
745 3777 937 3865 legitimum
953 3782 1017 3862 est,
1039 3778 1184 3847 simodo
1207 3750 1309 3847 illius
1321 3757 1412 3868 regis

379 4022 385 4058 ¹
409 4023 463 4085 Ed.
479 4021 586 4099 Meyer,
605 4019 713 4081 Rhein.
733 4019 826 4094 Mus,
847 4018 1077 4097 maaroth,
1097 4038 1162 4102 pag.
1174 4021 1243 4085 581.
