3159 5059
606 454 646 466 ..
667 416 704 481 53
724 453 764 464 -

141 554 211 623 sibi
222 555 331 625 illatas
342 556 383 624 ab
396 558 567 647 Euaephno
577 557 813 647 spartano.Cui
821 555 976 644 exemplo
986 553 1055 621 litis
1065 550 1108 618 ad
1118 569 1217 639 reges

142 680 362 770 ephorosque
372 680 492 750 delatae
501 682 527 749 si
536 678 960 761 nonmultumtribuimus,
971 672 1219 745 atsalteminde

140 800 1215 894 hoeelueet,hominummemoriacomprobatum‚eph0r0siam

145 932 224 997 ante
234 928 324 998 bella
338 931 510 1002 messenia
521 930 647 999 iudicia
664 928 968 997 administrauisse.
980 927 1109 1005 Quanta
1123 943 1217 1005 eura,

146 1047 208 1141 per
222 1053 497 1143 Peloponnesum
517 1054 739 1139 iterfaciens,
760 1059 880 1122 uetera
901 1052 1117 1142 antiquorum
1136 1052 1218 1116 tem·

149 1196 274 1265 porum
283 1180 428 1267 uestigia
441 1181 624 1249 Pausanias
638 1178 811 1267 collegerit
821 1198 922 1247 nemo
937 1184 988 1245 est
1002 1175 1060 1266 qui
1074 1175 1216 1262 ignoret.

147 1303 229 1381 Quae
256 1323 326 1373 non
352 1306 393 1373 ab
423 1326 464 1375 ea
493 1305 684 1395 discrepant
706 1304 798 1373 lama
821 1323 898 1393 quae
923 1321 984 1390 per
1011 1297 1221 1369 Herodotum

148 1428 289 1517 uulgata
312 1437 379 1518 est3
406 1432 494 1499 hane
521 1432 713 1500 rettulimus
732 1427 850 1519 supra¹
874 1434 908 1497 et
927 1426 1072 1516 ephoros
1091 1422 1219 1491 notaui·

145 1573 225 1622 mus
243 1574 312 1623 una
331 1576 409 1624 eum
431 1562 551 1625 senatu
570 1558 678 1625 multo
699 1563 775 1624 ante
794 1554 886 1623 bella
903 1552 1038 1628 Persica
1056 1549 1099 1617 de
1117 1546 1221 1615 rebus

146 1678 360 1765 grauissimis
370 1678 674 1769 deliberasse,qui,
689 1680 755 1747 nisi
766 1678 963 1747 auctoritate
975 1673 1104 1743 iamdiu
1115 1670 1222 1740 stabi·
1313 1725 1317 1733 .

146 1805 207 1879 lita
237 1804 391 1873 instructi
417 1813 544 1891 essent,
573 1826 642 1874 non
670 1807 750 1874 satis
778 1805 1032 1891 intellegeretur
1050 1795 1221 1889 quemodo

147 1928 191 1996 ad
209 1934 339 1997 tantam
357 1937 560 2018 potestatem
578 1932 827 2020 peruenissent.
851 1930 938 1996 Nam
966 1925 1152 2014 antiquitus
1179 1921 1220 1989 de

147 2054 349 2143 capitalibus
374 2055 487 2124 causis
512 2060 669 2124 senatum
695 2054 865 2123 iudicasse
892 2055 981 2122 inter
999 2052 1084 2119 alios
1101 2049 1221 2117 asserit

146 2179 352 2268 Xenophon,
375 2181 528 2269 patribus
556 2200 575 2248 e
603 2168 757 2269 Lycurge
778 2179 994 2268 assignatum
1012 2177 1077 2245 hue
1096 2192 1222 2241 munus

145 2301 201 2391 his
215 2301 329 2371 uerbis
344 2302 497 2373 indicens
508 2306 572 2396 (De
583 2306 630 2373 Re
639 2304 734 2395 publ.
752 2301 957 2384 Laeedaem.,
976 2300 1031 2383 10,
1046 2300 1066 2366 2
1079 2294 1127 2390 (4,
1143 2296 1197 2383 10)
1210 2318 1217 2363 :

144 2433 201 2507 θεὶς
222 2434 279 2521 γὰρ
301 2425 500 2525 (ὁΛυκοῦρος)
524 2434 589 2511 τοὺς
606 2435 740 2525 γέροντας
759 2436 874 2523 κυρίους
896 2436 946 2499 τοῦ
968 2432 1032 2520 περὶ
1054 2440 1102 2504 τῆς
1125 2428 1222 2516 ψυχῆς

145 2560 256 2645 ἀγῶνος
268 2549 293 2619 ².
308 2552 374 2620 Sed
389 2552 431 2621 de
445 2555 687 2623 controuersiis
701 2574 805 2642 queue
816 2551 1042 2621 contractibus
1053 2548 1220 2627 oriuntur,

143 2684 209 2771 περὶ
227 2690 284 2751 τῶν
301 2682 495 2771 συμὸολαίων,
515 2679 629 2747 nullos
650 2678 715 2745 nisi
743 2678 889 2767 ephoros
909 2678 963 2743 ius
982 2674 1108 2742 dixisse
1127 2692 1222 2740 eom-

143 2804 310 2893 perimus.
332 2803 386 2871 Ad
403 2804 491 2872 hane
511 2805 594 2872 iuris
615 2803 799 2872 dictionem
818 2803 1043 2891 adiungamus
1071 2798 1221 2867 officinm

144 2926 350 3017 prouidendi
365 2948 408 2995 ne
423 2927 502 3017 quid
521 2927 716 2997 detrimenti
737 2928 858 2995 ciuitas
873 2932 1008 3014 caperet
1026 2922 1223 3010 anegleetis

145 3049 477 3120 moribusmaiorum
488 3057 545 3119 aut
555 3052 757 3121 intromissis
767 3057 985 3120 externorum
995 3044 1128 3131 uitiis33
1146 3067 1222 3136 quae

147 3175 471 3264 fueritephorurum
482 3175 600 3265 primis
608 3174 818 3265 temporibus
828 3174 1009 3243 auctoritas
1019 3172 1223 3261 satisliquet.

189 3406 199 3445 ⁴
224 3410 273 3472 ef.
288 3428 369 3491 sup,
386 3429 452 3492 pag.
473 3411 577 3475 16-19.

187 3519 200 3557 ²
220 3516 268 3577 Os.
279 3517 375 3594 Plut,
389 3520 474 3599 layo„
487 3518 525 3581 ι26
538 3538 544 3579 :
557 3522 609 3599 (riu
622 3520 735 3602 piparas]
752 3522 820 3601 ἔχειν
830 3523 872 3581 διὰ
885 3526 942 3601 βίου
954 3530 983 3583 τὸ
992 3526 1094 3604 σύμπαν
1105 3526 1137 3589 ὡς
1151 3528 1226 3581 εἰπεῖν

146 3632 238 3707 κράτος
258 3634 282 3688 ἐν
305 3640 337 3711 τῇ
359 3634 487 3712 πολιτείᾳ,
512 3637 594 3713 κύριον
616 3633 677 3693 ὅντα
697 3640 739 3693 καὶ
753 3639 858 3694 θανάτου
881 3641 923 3693 καὶ
935 3640 1036 3714 ἀτιμίας
1049 3640 1091 3693 καὶ
1103 3635 1227 3699 ὅλωτῶν

148 3743 286 3817 μεγίστων.

154 3908 158 3917 ,
189 3848 201 3885 ⁸
224 3846 346 3919 Herod„
365 3846 423 3920 ΙΙΙ,
444 3845 510 3921 tte,
534 3847 569 3908 de
584 3848 746 3910 Maeandrio
762 3856 887 3929 tyranno
903 3850 1023 3924 Sami03
1041 3851 1097 3923 IX,
1114 3849 1164 3924 76,
1190 3849 1226 3909 de

152 3954 215 4017 (loa
228 3954 334 4016 femina
347 3955 525 4023 Pausaniam
533 3964 601 4035 post
612 3955 807 4027 Plataeensem
821 3975 945 4036 pugnam
960 3957 1085 4020 adeunte
1097 3966 1126 4019 et
1139 3956 1176 4018 ab
1192 3973 1226 4019 eo

153 4060 190 4121 ad
206 4061 330 4141 ephoros
345 4063 443 4122 missa.
