3159 5059
595 480 751 541 ..77-

188 618 261 697 Qua
281 625 395 687 autem
409 620 551 701 ratione,
569 618 754 687 nescimus.
774 617 840 687 Sed
855 618 897 687 de
911 618 974 686 hac
995 620 1223 708 inquirentem

139 762 281 812 necesse
302 748 353 811 est
379 741 576 811 meminisse
605 764 681 832 quae
699 741 802 811 inerit
821 742 912 832 apud
930 741 1148 811 Aristotelem
1167 744 1221 812 uis

138 868 323 937 uerborum
343 873 453 962 αἱρετὸς
472 872 506 936 et
523 875 662 964 αἱρεῖσθαι
685 867 810 959 quihus
838 888 961 937 uocem
982 873 1127 965 νληρωτὸς
1155 892 1220 961 op-

136 994 244 1082 ponit,
269 993 352 1061 dum
372 992 414 1063 dc
432 993 687 1083 magistratibus
701 991 873 1063 disserit⁴.
899 995 972 1063 Hoc
989 995 1082 1063 enim
1100 994 1217 1065 discri-

135 1117 227 1186 mine
246 1117 316 1186 iam
339 1117 437 1186 illum
454 1115 652 1186 discessisse
672 1117 942 1186 demonstratum
961 1121 1013 1187 est
1031 1117 1073 1186 ab
1093 1117 1218 1187 usitata

136 1216 228 1332 apud
246 1248 398 1311 oratores
417 1243 537 1310 atticos
564 1241 815 1330 significatione
844 1240 970 1309 horum
989 1240 1175 1310 uerborum
1187 1239 1213 1310 ².

135 1368 266 1457 Nempe
291 1386 369 1433 cum
388 1365 430 1435 de
450 1367 554 1436 altero
575 1364 713 1435 creandi
738 1364 841 1433 modo
863 1364 1032 1433 affirmant
1048 1370 1212 1451 oratores

134 1509 205 1558 non
225 1487 267 1558 de
293 1489 398 1558 altero
418 1493 555 1577 negant,
577 1508 640 1557 nec
658 1488 751 1557 idem
776 1489 892 1557 ualere
911 1492 1031 1577 putant
1054 1494 1162 1585 αἵρεσιν
1181 1494 1215 1558 et

130 1620 317 1710 χειροτονίαν.
348 1619 459 1708 Αἵρεσις
480 1612 662 1682 lectionem
683 1612 771 1681 inter
795 1614 910 1701 plures
933 1612 1113 1700 siguificat,
1147 1633 1212 1682 nec

127 1760 206 1828 quae
237 1739 280 1805 sit
306 1736 443 1825 legendi
473 1741 531 1805 aut
559 1734 759 1823 suffragium
787 1733 919 1803 ferendi
950 1735 1035 1805 ratio
1068 1735 1207 1805 indicat.

127 1861 181 1929 Ad
194 1861 288 1929 hunc
302 1859 399 1928 uerbi
420 1878 561 1927 sensum
576 1856 705 1927 accedit
719 1856 812 1946 quod
826 1856 907 1925 dicit
925 1858 1122 1927 Aristoteles
1137 1858 1210 1947 ipse

128 1986 170 2055 de
185 1984 335 2075 quodam
348 1989 498 2081 νληρωτοῦ
516 1982 734 2072 magistratus
748 2002 886 2071 genere,
905 1983 940 2051 in
959 2003 1027 2072 quo
1042 1983 1208 2053 sortitioni

127 2111 300 2181 antecedit
313 2112 413 2181 lectio
429 2108 606 2200 quaedam3
629 2128 732 2199 quem
751 2108 894 2175 modurn
908 2108 1045 2176 creandi
1060 2128 1206 2198 sequun-

124 2242 180 2304 tur
198 2236 415 2324 magistratus
429 2240 569 2331 stuperet
582 2228 614 2306 ἐν
629 2239 794 2329 προκρίτων
806 2230 832 2300 ³.
850 2233 934 2301 Cum
948 2238 1063 2301 autem
1081 2235 1203 2323 megis-

122 2365 274 2428 tratuum
290 2360 415 2429 creatio
435 2379 530 2428 mera
555 2359 730 2428 sortitione
754 2357 888 2448 partim,
911 2359 1035 2448 partim
1057 2378 1077 2427 e
1098 2358 1204 2427 mixta

123 2484 250 2554 dilectu
265 2486 441 2555 sortitione
460 2484 598 2575 pendet,
620 2489 851 2552 aristocratiae
866 2489 899 2553 et
913 2484 1016 2552 simul
1031 2484 1205 2574 popularis

123 2616 233 2680 exstat
253 2611 429 2699 regiminis
453 2611 700 2690 formellum
720 2609 870 2699 speciem
883 2607 1027 2698 praebuit
1045 2613 1203 2699 spartana

119 2757 176 2806 res
195 2737 344 2826 publica,
367 2743 452 2807 teste
472 2738 651 2807 Aristotele
670 2739 744 2827 ipso
757 2735 781 2803 ⁴.

168 2862 298 2941 Quibus
316 2865 448 2953 positis,
470 2870 650 2932 reuocetur
664 2864 822 2952 cogitatio
838 2861 880 2930 ad
898 2860 1047 2931 Platonis
1065 2867 1199 2930 senten-

116 2991 213 3075 tiam,
235 3010 341 3080 prope
360 2991 573 3058 sortitionem
599 3010 674 3059 esse
706 2991 888 3059 lectionem
916 2986 1145 3080 ephororum⁵
1166 2997 1200 3057 et

115 3136 257 3206 prorsus
276 3114 320 3183 ad
341 3115 414 3183 haeo
433 3114 622 3185 Aristotelis
640 3114 747 3183 uerba
773 3114 985 3186 intendatur:
1005 3100 1201 3211 'All'aipertv

157 3350 166 3387 ⁴
191 3352 300 3426 lasa,
316 3350 398 3426 νον,
415 3352 461 3414 rv
478 3351 558 3431 (vn,
575 3352 605 3427 7,
622 3351 651 3413 a.
671 3306 772 3425 νννν,
790 3349 878 3429 5-19,
894 3350 989 3413 oen.
1006 3353 1075 3414 mu.

154 3457 167 3496 ⁹
188 3456 290 3518 Fasrcl
306 3458 341 3517 de
361 3458 539 3537 Conladato,
557 3456 651 3519 Rech.
668 3474 719 3518 sur
734 3456 761 3518 le
777 3458 867 3536 tirage
880 3475 918 3519 au
939 3467 1000 3520 sort
1020 3459 1158 3540 applique
1180 3464 1197 3521 a

110 3562 141 3623 la
155 3580 235 3624 nom.
252 3562 475 3627 desArchootes
486 3564 648 3639 athanieus,
660 3563 807 3628 Nouvelle
818 3566 922 3628 Berua
930 3565 1031 3629 histor.
1044 3566 1080 3630 de
1090 3568 1190 3641 Droit,

16 3700 18 3711 ν
113 3671 145 3732 2⁰
159 3674 252 3733 anne'e
272 3670 385 3753 (1878),
401 3681 471 3735 tom.
490 3672 533 3746 11,
551 3690 616 3751 pag.
632 3670 702 3744 630,
719 3670 833 3734 adnot.
854 3670 881 3733 1.

151 3779 448 3856 3ν1ν·νέι.,ΡοΙ.,Ι11
472 3783 548 3859 (Vl),
570 3781 660 3858 il‚7.
691 3780 897 3861 laetae-11,
923 3785 1019 3848 Belrlr.
1047 3789 1123 3849 moi:
1152 3796 1193 3850 ἐὰν
1288 3830 1294 3841 ·

110 3890 203 3951 δ’ἔνίων
216 3894 261 3971 μὲν
270 3893 364 3970 αἱρετοὶ
377 3897 443 3951 ἐνίων
455 3892 482 3951 δὲ
496 3895 628 3971 κληρωτοὶ,
643 3898 685 3951 καὶ
699 3895 821 3973 κληρωτοὶ
834 3894 851 3960 ἦ
863 3898 890 3955 ἐκ
903 3902 1098 3977 προκρίτων..
1113 3901 1170 3959 κτλ.

153 4002 165 4034 ⁴
188 3996 236 4058 Gi.
254 4014 334 4081 sup,
350 4017 416 4079 pag.
432 3997 482 4063 71.

153 4109 164 4144 ⁸
186 4106 236 4169 Oi.
254 4124 336 4186 sup,
352 4124 418 4187 pag.
435 4105 489 4170 76.
