3159 5059
868 1014 921 1100 ΙΙ.

393 1222 480 1286 QUID
498 1223 710 1281 CENSENDUM
732 1227 919 1283 vrnunrun
938 1228 983 1281 DE
1002 1229 1226 1285 EPHORORUM
1244 1230 1400 1285 omerus.

407 1510 490 1579 Cum
521 1511 558 1579 in
593 1512 721 1581 incerto
762 1512 999 1602 relinquantur
1036 1535 1112 1603 quae
1147 1514 1191 1582 ad
1230 1514 1434 1583 illustranda

358 1634 542 1723 ephoratus
552 1636 740 1725 primordia
754 1656 774 1704 a
788 1636 963 1705 ueteribus
973 1636 1097 1705 tradita
1109 1644 1200 1719 sunt,
1213 1639 1438 1727 quaereudum

359 1764 410 1827 est
420 1758 502 1848 quid
521 1759 611 1849 apud
624 1767 779 1829 recentes
789 1760 998 1850 antiquitatis
1014 1762 1215 1851 interpretes
1226 1760 1437 1851 disputatum

301 1860 303 1865 ⁸
359 1882 413 1967 sit,
437 1891 470 1951 et
488 1905 564 1973 quae
584 1884 766 1969 sententie,
789 1884 1049 1975 qualiscumque
1068 1884 1239 1969 uideatur,
1265 1886 1365 1954 conio
1385 1891 1441 1953 ta·
1487 1938 1491 1943 .

358 2007 553 2104 nominetis,
570 2014 686 2099 utpote
706 2009 882 2077 simillima
895 2029 992 2093 uero,
1016 2009 1206 2098 proferetur
1220 2011 1256 2077 in
1269 2010 1437 2078 medium.

406 2131 501 2201 Unde
518 2130 692 2201 duxerunt
708 2134 877 2221 originem
896 2154 995 2201 suam
1009 2134 1129 2223 ephori
1149 2140 1164 2201 ‘l

407 2255 477 2324 Hos
498 2255 535 2323 G.
559 2257 702 2325 Dumius
724 2258 883 2325 euincere
906 2263 1049 2325 conatus
1076 2263 1178 2340 este
1201 2257 1384 2345 Phylarchi
1404 2260 1441 2325 in

358 2381 577 2449 Plutarchum
590 2383 753 2451 translata
762 2382 970 2467 narratione,
982 2383 1064 2451 olim
1078 2383 1246 2471 aregihus
1261 2404 1280 2452 e
1294 2405 1440 2454 numero

359 2506 548 2574 amicorum
567 2506 762 2595 designatos
785 2528 861 2577 esse
877 2509 936 2597 qui
956 2508 1039 2576 dum
1057 2509 1123 2598 ipsi
1147 2507 1318 2577 bellorum
1336 2530 1441 2578 causa

359 2629 518 2699 abessent
532 2630 655 2699 iudicia
675 2638 813 2719 agerent
832 2638 865 2700 et
883 2652 1004 2721 regum
1022 2622 1102 2701 mox
1114 2633 1192 2701 illos
1210 2653 1248 2702 se
1263 2616 1441 2703 ministros

359 2760 392 2823 et
402 2756 499 2845 quasi
517 2756 663 2825 uicenos
682 2753 935 2850 (slcltocrtrctcr)
955 2758 1153 2847 prestitisse
1167 2755 1190 2824 ¹.

407 2878 504 2957 Quod
522 2880 673 2969 profecto
691 2882 844 2952 veritatis
859 2882 1022 2971 speciem,
1040 2882 1153 2971 primo
1169 2884 1290 2952 saltem
1301 2883 1437 2968 obtutu,

358 3002 501 3094 praebet,
528 3005 718 3093 praesertim
739 3025 818 3072 cum
836 3003 1070 3074 recordatione
1092 3006 1349 3075 consideramus
1371 3008 1442 3074 Do-

358 3130 488 3197 rienses
507 3130 544 3196 in
562 3130 731 3199 continuis
748 3130 849 3198 bellis
869 3134 1022 3200 versatos
1046 3150 1135 3214 esse,
1163 3151 1205 3199 ex
1224 3151 1265 3199 eo
1284 3137 1440 3221 tempore

358 3275 426 3343 quo
451 3254 601 3343 primum
629 3256 782 3344 Spartam
810 3259 1074 3344 occupauerunt.
1107 3254 1179 3332 Quo
1206 3255 1310 3323 latius
1345 3257 1440 3323 enim

359 3400 479 3447 eorum
492 3379 676 3469 imperium
689 3378 938 3469 proferebatur,
958 3398 998 3448 eo
1013 3378 1135 3446 maiori
1155 3399 1236 3447 cure
1249 3400 1293 3447 ne
1308 3380 1442 3449 subacti

358 3504 513 3573 Achaicae
532 3503 646 3593 stirpis
665 3504 786 3572 ineolae
812 3504 1031 3587 rebellarent,
1063 3503 1215 3572 uiciniue
1243 3504 1439 3573 laconicum

360 3650 480 3719 agrum
497 3627 698 3697 inuaderent
717 3628 911 3697 cauendum
924 3633 1008 3696 erat.
1027 3629 1099 3697 Hoc
1118 3634 1234 3697 autem
1261 3630 1440 3717 negotium

359 3762 398 3824 ut
416 3759 641 3839 exerceretur,
656 3754 797 3837 ciuitati,
819 3758 941 3841 praeter
956 3773 1068 3841 reges
1085 3752 1252 3822 ministris
1266 3773 1353 3842 opus
1363 3772 1441 3822 esse

285 4018 287 4023 =
401 3989 410 4026 ¹
431 3982 464 4043 G.
481 3982 570 4056 Dum,
594 3980 727 4043 Eutstelr.
747 3981 806 4043 uod
822 3979 982 4043 Flutwiclrl.
1003 3978 1055 4041 des
1068 3979 1205 4058 Spartan.
1220 3980 1348 4060 Ephor,
1366 3998 1436 4061 pag.

360 4092 467 4155 39-54.
