3159 5059
621 413 783 473 ,51-

139 571 325 639 nunquam
344 552 587 639 reperiuntur?
601 551 718 616 Exstat
731 556 765 617 et
778 551 814 617 in
834 550 908 617 dies
928 551 1067 630 eminet,
1084 549 1231 617 tribunis

141 676 282 757 creatis,
304 696 456 742 romanae
482 673 594 763 plebis
618 675 782 762 potentia.
809 675 859 741 De
880 674 1004 761 Minyis
1028 673 1230 741 autemillis

138 806 259 867 achim
277 818 357 867 esse
379 798 500 865 medas
527 804 605 886 post
621 797 793 865 messenia
815 796 928 879 bella3
956 795 1156 864 exciderunt
1186 816 1230 865 ex

137 924 324 991 hominum
347 923 516 990 memoria
539 922 603 1003 illi,
629 922 714 989 dum
739 920 947 1009 gerebantur
970 926 1138 1010 spartanae
1156 940 1226 1003 res,

138 1066 256 1134 usque
269 1044 315 1113 ad
335 1046 575 1114 recentissima
587 1052 755 1133 tempora,
776 1065 842 1113 nec
863 1064 1010 1133 usquam
1025 1064 1229 1133 comparue-

138 1176 234 1236 runt.

190 1294 352 1361 Proxinm
370 1293 452 1361 huic
475 1294 629 1383 opinioni
644 1300 711 1361 stat
722 1294 842 1361 Steinii
860 1294 1041 1376 sententia,
1058 1294 1118 1383 qui
1134 1292 1228 1383 plebi

138 1438 282 1507 quoque
304 1418 341 1485 in
358 1424 522 1507 spartana
543 1419 679 1485 ciuitate
704 1417 906 1485 aduenticia
925 1438 1124 1485 concessam
1152 1438 1228 1487 esse

138 1546 287 1613 tutelam
301 1544 501 1627 arbitratur,
524 1546 726 1633 ephoratum
741 1545 872 1611 scilieet
883 1541 908 1609 ⁴.
926 1544 999 1611 Iam
1012 1540 1227 1611 Schnferus⁸

137 1668 347 1734 Laconicam
367 1667 450 1734 olim
466 1669 502 1735 in
526 1688 588 1735 sex
606 1668 764 1754 regiones
786 1665 1002 1734 distributam
1018 1665 1139 1749 fuisse,
1161 1666 1225 1733 Do

138 1791 315 1859 riensibus
328 1792 485 1880 seposita
504 1793 635 1880 Sparta,
657 1798 838 1859 monuerat
850 1798 885 1859 et
903 1791 1090 1878 unicuique
1107 1810 1228 1858 earum

138 1916 324 2003 regionum
344 1916 524 2004 praefuisse
543 1936 674 2003 regem,
697 1922 774 1983 ante
788 1916 1006 1983 Doriensium
1024 1914 1223 1983 aduentum.

139 2041 302 2130 Quinque
316 2048 433 2108 autem
447 2040 588 2129 regibus
603 2041 759 2123 sublatis,
775 2061 896 2108 eorum
909 2042 986 2109 uice
1000 2041 1136 2108 functos
1149 2061 1226 2109 esse

136 2185 241 2251 reges
266 2175 448 2253 spartanos
475 2166 533 2255 qui
567 2166 776 2254 Theopompi
802 2173 956 2255 tempore
986 2185 1113 2233 munus
1141 2164 1227 2233 illud

139 2290 294 2378 quinque
325 2292 465 2380 ephoris
490 2293 697 2360 mandarint.
727 2293 809 2360 Haec
832 2299 950 2360 tamen
976 2292 1126 2359 Steinius
1152 2290 1226 2359 solo

139 2414 353 2505 ephororum
373 2423 407 2484 et
424 2418 607 2505 regionum
626 2419 761 2486 numeri
780 2439 950 2486 consensu
963 2418 1027 2483 niti
1039 2422 1132 2485 recte
1150 2416 1226 2483 ani-

138 2538 349 2609 maduertit³
365 2547 400 2609 et
413 2563 542 2609 nouam
557 2542 650 2611 addit
668 2545 836 2611 rationem
856 2563 985 2611 rerum.

193 2665 326 2754 Nempe
341 2666 534 2755 antiquum,
549 2675 586 2735 ut
600 2668 638 2735 O.
656 2669 853 2752 Muellerus,
869 2669 1107 2757 magistratum
1119 2667 1227 2735 fuisse

139 2788 353 2876 ephororum
383 2790 535 2857 officium
560 2792 746 2876 contendit,
773 2793 866 2882 quod
892 2794 967 2882 ipse
989 2793 1094 2861 ctiam
1120 2792 1226 2861 Lace-

140 2911 323 2979 daemoniis
356 2914 513 2982 bcha'r'cae
547 2917 662 3005 stirpis
694 2917 824 2985 tribuit.
855 2918 942 2984 Cum
966 2923 1082 2986 autem
1103 2915 1227 2985 urbem

139 3036 299 3124 Spartam
320 3036 356 3101 in
382 3038 535 3127 quinque
560 3041 657 3109 uicos
686 3039 835 3109 diuisam
860 3041 968 3111 fuisse
994 3047 1138 3127 constet,
1156 3042 1226 3111 iam

140 3164 221 3228 ante
234 3160 434 3249 Lycurgum
452 3163 598 3251 singulis
612 3164 699 3232 uicis
718 3166 873 3254 singulos
887 3167 1034 3255 ephoros
1046 3167 1225 3257 praefuisse

137 3284 276 3351 conicit.
306 3285 390 3353 Inde
416 3286 505 3354 inter
524 3287 813 3372 LacedaemonioS,
834 3289 923 3358 facto
945 3293 1222 3379 «synoecismor

135 3414 217 3497 post
246 3409 424 3478 subactam
444 3412 617 3501 Spartam,
646 3414 889 3503 antiquoiure
913 3416 1062 3486 ciuitatis
1089 3418 1225 3488 orbatos

137 3531 291 3602 necdum
323 3555 457 3603 nouum
483 3537 538 3604 ius
566 3536 707 3627 adeptos
735 3544 769 3607 et
794 3544 988 3629 spartanam
1011 3541 1225 3613 nobilitatem

178 3807 187 3845 ⁴
219 3811 316 3884 Stein,
340 3813 396 3872 Die
411 3813 570 3874 Eotwicld.
592 3813 643 3875 des
658 3815 796 3893 Spartan.
814 3818 941 3897 Ephoc,
959 3836 1025 3898 pag.
1044 3819 1150 3882 11-15.

176 3914 189 3952 ²
213 3918 360 3993 Sedasa,
384 3920 429 3979 De
444 3920 571 3998 Ephous
585 3921 733 3983 lacedaem.
750 3933 953 4000 commentat,
971 3946 1036 4007 pag.
1053 3927 1072 3989 5
1086 3946 1149 4007 sqq.

175 4022 189 4061 ³
226 4025 324 4100 Staio,
348 4026 405 4086 Die
420 4026 577 4089 Entwickl.
593 4027 645 4088 des
660 4030 794 4109 Spartan.
812 4032 941 4113 Ephor.,
958 4052 1025 4114 pag.
1044 4033 1091 4097 13.
