3159 5059
795 520 953 583 ..23-

337 660 524 753 prudentia
539 661 668 731 scholis
681 660 828 729 uerbum
845 660 1047 749 «legislator
1060 681 1090 724 1.
1114 657 1157 724 At
1171 676 1251 725 cum
1264 659 1311 728 διὰ
1323 656 1415 750 τὺχην
1435 666 1441 675 ’

339 787 397 869 ait,
417 805 531 855 nonne
550 784 634 853 alias
647 804 767 853 causas
785 782 979 872 suspicatur
992 781 1137 872 scriptor
1164 801 1225 849 eur
1251 780 1414 849 exstiterit
1486 762 1493 773 ’

337 910 543 1001 ephororum
562 909 764 979 auctoritas?

382 1034 553 1125 Quidquid
577 1034 612 1103 id
631 1040 694 1119 est,
712 1033 890 1123 uolgatam
910 1031 951 1101 dc
970 1030 1178 1122 Theopompi
1207 1030 1335 1098 lamam
1353 1048 1411 1097 ac·
1468 1014 1471 1019 ’

333 1168 495 1251 ceperunt
536 1165 569 1229 et
608 1159 832 1249 prodiderunt
868 1157 1038 1242 nonnulli,
1081 1157 1209 1240 Cicero,
1256 1153 1411 1224 Valerius

331 1286 509 1369 Maximus,
526 1284 588 1353 Dio
608 1284 881 1373 Chrysostomm,
902 1282 1126 1361 Plutarchus.
1149 1280 1317 1373 Aquihus
1339 1300 1409 1349 non

330 1410 486 1481 dissentit
505 1410 673 1482 Eusebius
701 1411 758 1500 qui
778 1410 849 1479 lere
874 1409 918 1478 ad
941 1409 1032 1498 regis
1050 1408 1259 1497 Theopompi
1274 1394 1409 1496 tempus

330 1540 536 1629 ephororum
555 1536 739 1626 primordia
762 1536 1014 1626 computatione
1032 1535 1168 1619 referat,
1198 1534 1279 1601 licet
1296 1533 1407 1601 Theo-

330 1682 494 1753 pompum
507 1682 624 1751 regem
638 1680 707 1729 non
721 1662 874 1730 nominet
885 1660 910 1727 ⁴.

378 1787 411 1855 Si
438 1786 563 1856 Valerii
595 1785 731 1854 Maximi
762 1793 797 1854 et
822 1786 940 1855 Dionis
971 1784 1165 1855 testimonia
1194 1782 1406 1873 praetermitti

328 1916 471 2001 possunt
490 1931 566 2000 quaa
585 1910 819 1978 tantummodo
832 1912 946 2000 priora
959 1916 1125 2000 repetant,
1142 1910 1200 1977 ille
1216 1907 1251 1976 in
1266 1908 1402 1986 diffusa,

326 2045 365 2107 ut
382 2039 480 2122 solet,
505 2034 730 2121 narratione&
765 2037 822 2106 hic
849 2039 885 2106 in
913 2039 1010 2109 brevi
1038 2036 1191 2123 notula3,
1225 2042 1258 2106 at
1283 2036 1404 2105 saltem
1475 2036 1479 2045 '

326 2166 466 2233 maioris
485 2163 690 2232 discriminis
704 2164 820 2233 Cicero
839 2164 935 2233 foret.
954 2165 1028 2243 Quo
1047 2169 1161 2233 tamon
1180 2164 1401 2251 interrogato,

324 2291 565 2381 philosophum
595 2290 661 2358 hoc
696 2291 784 2373 loco,
823 2311 894 2359 non
930 2291 1131 2359 historicum
1155 2290 1333 2379 scripsisse
1366 2289 1403 2355 in

324 2427 439 2509 aperto
455 2424 516 2489 est.
531 2416 738 2484 Platonicam
757 2416 849 2485 onim
869 2422 902 2485 et
920 2416 1168 2486 Aristotelicam
1197 2414 1403 2485 sententiam

329 2553 465 2615 secutus
480 2545 649 2613 consulari
664 2544 808 2633 imperio
828 2544 1056 2629 tribunorum,
1081 2550 1119 2612 ut
1137 2543 1231 2632 regio
1253 2542 1402 2632 ephoro·
1518 2574 1523 2583 ·

321 2689 401 2740 rum
418 2670 583 2741 «frenum
600 2694 617 2737 1
634 2670 792 2759 opposuit
806 2675 839 2739 et
857 2678 1047 2739 cretensem
1065 2690 1144 2737 cum
1166 2674 1324 2758 spartana
1351 2671 1401 2737 rei

321 2796 467 2885 publica
486 2794 723 2865 constitutione
735 2792 909 2863 contulit⁴.

360 3062 368 3099 ¹
391 3054 438 3116 Ol.
457 3054 556 3127 1111111,
577 3056 621 3115 De
636 3052 765 3133 Ephoris
781 3062 924 3133 spartam,
943 3070 1005 3133 pag.
1025 3053 1071 3127 10,
1089 3062 1117 3116 et
1130 3070 1195 3134 pag.
1214 3052 1315 3116 13-17.

355 3164 410 3224 nt
423 3163 531 3241 Meyer,
545 3163 599 3223 Die
610 3161 782 3224 Eotwickel.
797 3161 850 3223 der
860 3160 1107 3241 Ueberlielerung
1125 3162 1215 3224 ueber
1229 3162 1275 3224 dia
1286 3162 1397 3242 lyhur·

318 3270 417 3351 gische
431 3268 563 3333 Verlass.
581 3269 690 3331 erein.
708 3270 802 3343 Mus,
817 3269 877 3334 ool.
889 3269 939 3343 41,
956 3269 1043 3345 1886,
1061 3288 1127 3352 pag.
1139 3270 1209 3345 580,
1226 3251 1396 3333 eteiusdem

317 3378 464 3457 Nachtrag
477 3377 513 3438 ad
529 3376 558 3438 id
573 3394 659 3456 opus.
675 3376 784 3439 Rhein.
801 3378 895 3452 Mus,
911 3378 962 3453 42,
983 3378 1069 3453 1887,
1086 3397 1150 3459 pag.
1168 3378 1235 3443 101.

356 3490 368 3527 ²
394 3482 640 3557 Vat.l1aa.‚1v‚
662 3482 690 3544 1.
714 3482 819 3557 Β111).,
837 3485 867 3546 8.

357 3596 367 3628 ³
390 3590 447 3651 Dio
463 3589 584 3669 Chrys,
602 3589 685 3663 LVI,
704 3608 768 3671 pag.
784 3589 842 3652 5115
859 3590 951 3669 (Orat.
968 3591 1028 3673 56).

356 3695 369 3733 ⁴
393 3698 465 3773 Cic,
482 3699 526 3758 De
542 3696 626 3777 hog„
641 3698 699 3773 ΙΙΙ,
719 3698 765 3760 17.
782 3700 845 3761 Nec
859 3698 960 3777 ephori
973 3700 1185 3765 Lacedaemone
1197 3704 1263 3765 sine
1277 3720 1393 3767 causan

317 3805 510 3885 Theopompo
526 3806 652 3884 oppositi
668 3805 784 3886 regibus
803 3823 857 3868 nec
871 3806 949 3887 apud
964 3825 1018 3869 nos
1032 3809 1156 3872 tribuni.

357 3914 402 3974 De
412 3914 462 3998 Re
476 3910 572 3993 publ,
589 3912 631 3986 ΙΙ,
649 3909 698 3975 33.
722 3913 769 3973 Ac
789 3930 827 3975 ne
843 3914 972 3994 Lycurgi
987 3915 1106 3994 quidem
1125 3916 1279 3998 disciplina
1298 3923 1389 3982 tenuit
1468 3996 1474 4003 ‚

315 4018 385 4081 illos
405 4019 436 4079 11
457 4016 625 4079 hominihus
649 4018 761 4079 Graeois
781 4018 881 4081 frenos
898 4037 906 4079 ε
922 4035 990 4080 nam
1012 4021 1102 4082 etiam
1125 4021 1239 4102 Spartae
1253 4035 1389 4105 regnante

318 4127 519 4206 Theopompo,
542 4134 609 4188 sunt
629 4126 700 4186 item
721 4127 862 4206 quinquo,
887 4143 961 4206 quos
982 4126 1027 4188 illi
1042 4127 1167 4207 ephoros
1182 4130 1341 4212 appellant,
1356 4134 1386 4204 11
