3159 5059
619 497 778 560 ..79-

44 664 51 685 =
160 641 261 723 ratio,
293 639 354 708 sed
380 660 400 707 a
429 640 577 707 Platonis
606 639 1054 728 Aristotelisueaepualibus
1081 641 1244 709 nontam

159 762 430 852 intellegebatur.
458 763 546 840 Quin
561 764 678 846 immo,
702 784 742 831 eo
763 763 933 851 antiquior
953 762 1131 832 uidebatur
1145 764 1245 833 lectio

161 889 238 957 eius
261 887 355 957 modi
374 909 442 978 quo
466 889 720 977 intellegeretur
743 888 869 955 minus.
893 889 1001 956 Penes
1026 909 1113 978 quos
1133 868 1247 957 autem

161 1014 315 1104 auspicia
333 1014 438 1083 luisse
453 1014 615 1083 traditum
630 1019 693 1099 est,
711 1015 791 1098 nisi,
809 1014 959 1104 exceptis
974 1015 1123 1104 ephoris,
1140 1036 1247 1106 penes

161 1147 339 1211 senatores
359 1145 392 1209 et
410 1146 535 1228 reges?
553 1141 714 1210 Conicere
734 1140 836 1229 igitur
859 1161 902 1210 ex
921 1161 962 1209 eo
980 1141 1060 1211 licet
1080 1163 1100 1212 e
1120 1141 1247 1233 populo

160 1266 326 1336 uniuerso
346 1267 471 1335 electos
490 1286 567 1335 esse
582 1285 602 1333 a
615 1272 748 1350 senatu,
768 1265 893 1355 quihus
908 1267 1060 1357 auspicia
1077 1266 1244 1353 fenerent,

162 1394 198 1459 et
212 1370 335 1459 eorum
347 1390 489 1457 nomina
502 1388 630 1478 populo
648 1374 883 1478 pronunciata.
900 1390 961 1474 lta,
977 1371 1094 1459 nostro
1109 1389 1248 1479 quidem

161 1516 303 1599 iudicio,
320 1521 354 1585 et
367 1516 477 1607 αἱρετός
497 1521 530 1583 et
549 1519 634 1611 ἐγγὺς
651 1522 701 1586 τοῦ
727 1520 889 1611 talepore),
910 1521 949 1584 ut
970 1535 1141 1584 nouorum
1164 1536 1248 1585 con-

162 1643 279 1711 sulum
301 1662 321 1710 a
343 1640 507 1731 proximis
528 1640 739 1724 consulibus,
761 1641 862 1710 lectio
884 1620 951 1710 dici
970 1635 1081 1730 potuit
1099 1621 1248 1730 ephoro·

158 1766 270 1837 rum¹.
287 1768 370 1852 Qua,
389 1768 540 1856 insuper,
558 1768 687 1835 ratione
703 1771 736 1834 et
749 1766 984 1856 Xenophontis
997 1762 1194 1835 sententiae²
1211 1775 1245 1836 et

158 1892 330 1971 Plutarchi
354 1889 668 1981 apophthegmati³,
692 1892 942 1982 qualiscunque
960 1896 1012 1961 est
1031 1910 1152 1959 eorum
1175 1897 1246 1960 tes-

162 2014 385 2087 timoniorum
413 2017 606 2101 auctoritas,
634 2016 844 2085 satisfactum
869 2022 934 2100 est,
955 2036 1035 2083 cum
1062 2035 1082 2083 a
1109 2022 1242 2098 senatu,

159 2142 259 2211 cuius
278 2150 356 2231 pars
385 2147 480 2209 erant
501 2139 572 2207 hini
599 2160 710 2229 reges,
738 2139 858 2229 ephori
886 2138 1147 2227 designarentur
1173 2145 1246 2208 eta

161 2268 291 2357 populo
311 2272 518 2335 crearentur.

210 2394 365 2481 Namque
379 2391 469 2459 inter
487 2390 703 2480 pronuntiata
722 2391 863 2458 nomina
877 2390 951 2459 ueri
975 2390 1086 2459 simile
1107 2397 1159 2459 est
1178 2411 1244 2479 po-

161 2517 243 2608 pulo
263 2517 446 2604 contigisse
471 2514 657 2605 optionem,
681 2516 709 2583 si
732 2515 836 2584 modo
855 2515 904 2582 illi
925 2516 1062 2605 antiqua
1084 2516 1159 2583 iura
1181 2536 1243 2604 pro

160 2648 255 2732 parte
272 2642 393 2709 saltem
404 2639 614 2729 superfuisse
629 2640 815 2709 credimus.
834 2640 948 2730 Atqui,
962 2662 1072 2731 usque
1086 2639 1130 2708 ad
1144 2639 1243 2708 Cleo·

160 2767 272 2835 menis
300 2771 454 2855 tempora
484 2763 691 2833 deliberasse
720 2765 849 2832 ciuium
875 2766 1068 2834 contionem
1095 2770 1239 2845 constat,

160 2891 215 2960 cui
225 2891 319 2979 leges
334 2888 520 2972 sanciendi,
533 2895 571 2971 ut
585 2894 685 2957 uetus
696 2889 826 2959 ferebat
837 2887 982 2974 rhetra⁴,
997 2896 1143 2979 potestas
1154 2900 1238 2978 erat,

160 3035 274 3083 cuma
292 3013 544 3103 magistratibus
564 3014 799 3083 aduocaretur.
818 3015 868 3082 Ita
882 3014 941 3082 illa
958 3013 1105 3104 ephoros
1124 3037 1241 3086 creare

160 3143 271 3234 potuit
294 3161 391 3210 exse
418 3140 630 3231 desumptus.
662 3142 734 3220 Qua
753 3147 867 3212 autem
886 3142 1034 3211 formula
1061 3143 1096 3211 id
1123 3143 1243 3215 fecerit

161 3269 345 3339 nescimus.
369 3270 525 3353 Fortasse
539 3269 700 3353 clamore,
717 3275 756 3338 ut
769 3269 813 3338 de
827 3274 1025 3340 senatorum
1044 3270 1242 3340 nominihus

200 3620 209 3657 ⁴
236 3619 284 3683 Ol.
302 3620 402 3681 Festa!
415 3620 450 3681 de
465 3617 643 3696 Goutanpcs,
661 3618 721 3679 Sur
735 3616 762 3677 le
777 3620 868 3697 tirage
883 3635 922 3681 au
942 3625 1006 3681 sort
1020 3619 1159 3700 applique
1173 3637 1235 3683 aux

160 3728 325 3791 Archontes
338 3726 501 3798 atheneus,
517 3724 615 3787 Nouv.
629 3727 706 3788 Rev.
723 3725 793 3789 hist.
809 3724 845 3786 de
861 3727 956 3800 Droit,
972 3725 1058 3801 1878,
1070 3744 1138 3807 pag.
1154 3726 1228 3791 638.

199 3830 212 3868 ²
234 3834 283 3897 of.
298 3850 380 3911 sup,
399 3849 466 3913 pag.
482 3830 533 3906 73,
548 3830 585 3891 ad
601 3836 662 3902 not,
682 3829 713 3894 6.

199 3944 213 3979 ⁸
233 3940 281 4003 ol.
299 3958 388 4019 sup,
400 3956 463 4019 pag.
485 3937 535 4012 72,
552 3937 589 3999 ad
602 3946 662 3999 not.
682 3936 711 4001 5.

204 4052 216 4086 ⁴
243 4048 289 4111 ol.
311 4065 391 4128 sup,
408 4065 472 4126 pag.
487 4046 537 4109 58.
