3159 5059
817 444 857 457 -
878 410 917 473 32
937 443 976 457 -

361 550 501 615 testatur
511 546 653 617 fortasse
668 547 763 615 locus
777 547 835 616 ille
850 546 893 616 dc
908 547 1088 617 Platonicis
1102 549 1253 637 epistolis
1269 547 1431 639 desump-

352 678 408 741 tus
427 670 485 739 uhi
500 670 644 759 scriptor
656 668 762 739 uerba
782 670 929 739 Platonis
943 690 1114 758 usurpans
1133 670 1176 739 ah
1188 671 1350 742 Herodoti
1367 672 1429 742 lle-

296 776 300 781 ’
353 795 606 884 nophontisque
620 799 735 863 tamen
753 802 847 883 parte
866 801 931 864 stat
942 792 965 861 ¹.

399 921 441 988 ht
469 918 498 987 si
524 920 613 989 ultra
641 920 816 990 Platonem
841 921 1016 1010 quaritur,
1042 920 1127 988 nihil
1151 921 1298 1011 amplius
1330 928 1427 1011 atque

354 1045 475 1114 horum
490 1044 637 1113 narratio
652 1044 800 1113 inueniri
819 1051 940 1134 potest.

402 1170 516 1238 Restat
533 1168 756 1237 nihilominus
774 1175 813 1237 ut
839 1170 954 1259 aliqua
967 1171 1165 1259 posterioris
1183 1170 1283 1238 famae
1302 1169 1427 1239 redda-

350 1300 406 1362 tur
420 1294 518 1378 ratio,
540 1315 620 1363 cum
633 1293 675 1363 de
686 1300 824 1363 auctore
834 1295 908 1364 cius
922 1296 1009 1364 nihil
1022 1298 1079 1364 uel
1089 1297 1197 1365 conici
1212 1297 1319 1385 possit
1338 1297 1427 1386 quod

350 1420 393 1490 ad
408 1420 587 1490 ueritatem
606 1420 765 1491 accedere
776 1417 1048 1510 comprobetur².

399 1548 497 1616 Breui
517 1547 666 1636 primum
681 1546 803 1631 forma,
825 1547 963 1615 incunte
980 1553 1099 1636 quarto
1115 1546 1253 1631 saeculo,
1268 1566 1429 1635 expressa

350 1679 384 1743 et
407 1669 450 1739 ad
475 1671 652 1761 temperati
670 1670 848 1759 regiminis
866 1671 1062 1759 exemplum
1081 1667 1248 1755 redactai,
1270 1691 1352 1739 mox
1372 1670 1429 1737 illa

239 1889 240 1892 Ἴ
351 1798 498 1866 narratio
531 1797 691 1885 colloquii
722 1797 872 1886 speciem
893 1794 1049 1879 induit‘3
1078 1798 1186 1865 creuit
1218 1796 1367 1884 denique
1394 1796 1428 1862 in

352 1929 552 2011 argumenta
565 1922 689 2012 quihus
707 1922 839 1991 iniuriae
853 1922 895 1991 ab
910 1923 1047 2012 ephoris
1061 1922 1162 1991 illatae
1177 1922 1424 2012 regibusexpli·

348 2044 538 2119 carentum.
676 2140 677 2145 Ἰ

399 2173 507 2250 Quam
533 2173 579 2239 ita
597 2172 704 2241 fuisse
729 2170 968 2260 amplificatam
992 2190 1035 2239 ne
1055 2170 1218 2239 miremur
1238 2170 1350 2239 ohstat
1369 2191 1428 2241 eo-

351 2322 429 2369 rum
454 2300 619 2369 memoria
637 2299 696 2389 qui
716 2297 877 2366 derebus
902 2298 1070 2385 spartanis
1089 2302 1166 2364 ante
1186 2297 1360 2366 Platonem
1374 2301 1425 2387 ip·

351 2445 426 2494 sum
446 2418 690 2513 scripserunt⁶.
716 2423 817 2512 Atqui
843 2422 967 2491 Graecis
988 2422 1079 2509 apud
1098 2442 1184 2510 quos
1209 2422 1280 2490 lere
1308 2444 1425 2493 omncs
1552 2471 1553 2486 ,

350 2557 408 2619 aut
426 2550 577 2639 tyrannis
597 2549 780 2639 antiquitus
796 2555 854 2615 aut
873 2546 1050 2614 recentiori
1070 2550 1167 2614 aetata
1181 2548 1345 2634 populare
1359 2548 1424 2615 im-

352 2673 485 2765 perium
501 2672 742 2762 praeualuerat,
772 2669 945 2737 insolitum
965 2668 1151 2735 electorum
1169 2669 1427 2757 magistratuum

354 2818 480 2867 munus
505 2796 697 2879 uidebatur,
720 2800 842 2863 cuncta
861 2792 1074 2861 tractantium
1106 2792 1252 2860 ciuitatis
1278 2794 1424 2882 negotia,

353 2923 671 3011 dominantiumque
702 2922 737 2987 in
759 2939 871 3008 reges.
898 2916 993 2994 Quod
1020 2916 1159 2983 unicum
1183 2917 1259 2985 talis
1285 2918 1428 2988 instituti
1553 2973 1554 3016 3

351 3049 525 3140 specimen
551 3046 788 3141 prestabatur.
812 3042 1032 3111 Obsolcuerat
1058 3048 1172 3110 autem
1196 3041 1288 3111 notio
1323 3044 1428 3112 aetatis
1553 3083 1554 3144 3

395 3284 401 3318 ¹
428 3277 479 3341 Oi.
494 3275 555 3338 lor.
576 3275 687 3337 laudat.
712 3291 875 3355 sup.,pag.
890 3270 942 3336 23.

398 3386 409 3423 ²
435 3382 614 3447 Thihronem
631 3381 752 3443 tortasse
763 3381 906 3460 suspicari
917 3395 1083 3460 possumus.
1097 3377 1144 3441 of.
1161 3396 1240 3459 sup,
1256 3397 1322 3459 pag.
1333 3379 1428 3455 ahad

351 3503 412 3557 not.
431 3492 461 3557 3.

391 3601 403 3639 ³
426 3602 468 3663 Ut
481 3598 559 3681 apud
577 3597 743 3659 Platonem.

391 3706 402 3744 ⁸
431 3708 482 3770 Sic
497 3705 573 3786 apud
588 3703 793 3766 Aristotelem.

392 3819 403 3870 t
427 3815 507 3877 Huic
521 3812 703 3875 excusationi
718 3810 767 3873 dat
780 3828 882 3873 ansam
896 3811 1025 3873 narratio
1041 3809 1202 3885 Plutarchi,
1218 3812 1251 3873 in
1273 3811 1425 3891 Cleomen,

351 3924 423 3997 uita,
443 3919 489 3982 10.

354 4080 358 4086 ,
390 4030 401 4064 ⁶
425 4026 473 4090 Ol.
491 4042 570 4105 sup„
587 4042 652 4106 pag.
671 4024 699 4087 9.
