3159 5059
646 521 825 583 -113-

189 683 279 731 cere.
291 662 349 755 ,Aa
368 682 408 730 eo
429 660 539 729 maius
558 660 638 728 inde
661 660 854 750 perieulum
877 665 1010 729 eratne
1030 660 1119 727 inter
1142 678 1273 748 paucos

187 786 289 853 unius
306 783 492 852 dominatio
513 784 714 867 exoriretur,
733 783 924 873 presertim
935 803 1015 851 oum
1030 781 1183 872 Epitadei
1197 782 1275 870 lege

187 908 355 977 sancitum
365 909 407 977 sit
427 914 464 976 ut
478 908 585 977 libere
601 907 642 976 de
654 907 925 977 omnibnsbonis
940 906 1083 989 suisuti,
1101 913 1139 974 ut
1152 905 1271 987 uellet,

187 1032 310 1121 auique
320 1031 448 1116 liceret,
463 1051 544 1099 nam
558 1030 703 1099 fortunis
714 1038 747 1101 et
758 1032 916 1099 clientela
924 1031 1032 1099 multo
1042 1036 1120 1099 anta
1132 1028 1274 1098 seeretis

187 1154 402 1245 pactionibus
414 1160 609 1244 comparata
624 1142 747 1244 aliquis
762 1155 904 1244 reperiri
913 1155 1093 1245 potuisset,
1105 1154 1163 1243 qui
1174 1174 1285 1243 pares·

189 1279 251 1348 sub
270 1280 413 1369 imperio
429 1299 491 1349 suo
507 1280 691 1368 subigeret.
714 1281 802 1349 tluio
815 1279 1044 1349 reformidatae
1063 1277 1233 1368 tyrannidi
1255 1298 1275 1345 a

187 1404 394 1494 primoribus
421 1409 455 1473 et
481 1424 501 1471 a
523 1411 644 1473 senatu
666 1406 875 1493 ephororum
897 1403 1014 1474 breuis
1033 1409 1067 1472 et
1091 1402 1275 1493 quotannis

186 1534 315 1599 mutata
335 1517 490 1619 tyrannis
510 1530 668 1619 opposita
688 1536 750 1599 est.

234 1656 276 1722 At
292 1653 431 1723 tandem
444 1654 493 1721 illi
509 1654 733 1723 dominationi
745 1676 934 1745 paucorum
948 1656 1079 1725 ciuium
1092 1653 1152 1745 qui
1171 1654 1274 1723 bellis

186 1778 257 1848 lere
277 1779 450 1869 perpetuis
470 1784 503 1848 et
524 1779 669 1849 fortunis
693 1780 728 1847 in
750 1781 945 1870 aliquorum
958 1800 1081 1849 manus
1100 1779 1271 1849 aceruatis

185 1903 425 1991 superfuerant
457 1904 585 1971 minata
615 1910 667 1973 est
695 1904 790 1992 regia
815 1909 978 1994 potestas.
1014 1903 1112 1982 Quod
1144 1902 1273 1972 frustra

186 2028 382 2110 Pausanias,
400 2026 564 2112 Cinadon,
586 2028 761 2118 Lysander
779 2034 1042 2122 temptauerunt,
1072 2028 1121 2096 illi
1141 2028 1270 2118 perioe·

187 2172 308 2219 corum
326 2152 561 2221 ethelotarum
576 2173 690 2242 opere,
704 2152 772 2237 hio,
792 2154 933 2221 mutatis
946 2152 1120 2242 regiarum
1134 2172 1274 2222 sueces-

187 2278 323 2346 sionum
340 2278 474 2366 legibus
492 2283 526 2347 et
540 2279 675 2349 fauente
691 2277 839 2369 quadam
853 2280 1071 2348 oraculorum
1086 2280 1265 2368 religione,

186 2402 234 2487 id,
252 2423 341 2472 anno
358 2403 427 2472 ala
443 2404 525 2493 Agis
540 2406 584 2474 IV
598 2406 737 2475 molitus
752 2412 818 2489 est,
836 2405 871 2473 in
883 2426 924 2475 eo
935 2405 1056 2490 falsus,
1070 2411 1108 2475 ut
1120 2404 1271 2496 opinor'‚

189 2526 281 2617 quod
300 2526 388 2596 hano
400 2548 514 2596 rerum
535 2527 798 2597 conuersionem
816 2549 878 2617 per
888 2530 1097 2619 ephororum
1114 2529 1272 2597 ministe-

187 2652 276 2718 rium
296 2650 567 2740 aggrediebatur.
590 2653 677 2720 Nam
700 2654 860 2742 quamuis
878 2653 915 2720 in
934 2653 1119 2742 collegium
1140 2653 1270 2721 amieos

187 2775 401 2865 recipiendos
412 2777 612 2859 ourauisset‚
626 2776 714 2846 inter
733 2799 820 2867 quos
831 2774 1074 2867 Lysandrum²,
1090 2784 1129 2847 ut
1147 2798 1276 2847 nouam

190 2920 349 2988 agrorum
377 2899 654 2969 distributionem
680 2901 871 2983 instituere,
900 2922 947 2970 aes
976 2902 1128 2971 alienum
1155 2902 1276 2973 tollere

191 3030 223 3092 et
242 3024 372 3092 oinium
385 3044 570 3093 nnmerum
590 3026 751 3115 supplere
772 3025 960 3095 meditatus
975 3033 1040 3109 est,
1062 3026 1276 3115 optimatium

190 3149 340 3238 potentia
354 3148 507 3219 cecidere
528 3150 670 3219 consilia
689 3151 776 3220 eins.
803 3150 947 3241 Ephoris
966 3151 1059 3219 enim
1074 3149 1277 3220 obstiterunt

190 3274 370 3363 primores,
384 3275 547 3364 quoniam
561 3296 669 3344 nouas
684 3296 741 3345 res
756 3276 806 3344 illi
816 3274 1056 3345 moliebantur.
1075 3275 1277 3346 Senatorum

190 3396 469 3467 dissentientibus
481 3399 666 3488 suffragiis
681 3400 808 3470 frustra
820 3420 896 3469 rem
915 3399 959 3469 ad
976 3404 1132 3479 ἐκκλησίαν
1145 3401 1276 3488 Lysan-

192 3520 253 3591 der
272 3544 352 3591 oum
366 3522 599 3592 Mandroelida
617 3529 651 3593 et
664 3525 825 3615 Agesilao
845 3525 977 3610 detulit,
990 3526 1129 3617 antiqua
1140 3525 1277 3594 oracula

190 3653 223 3715 et
236 3655 392 3717 ueterem
410 3648 614 3738 religionem
628 3671 690 3739 pro
711 3650 831 3739 Agidis
849 3651 926 3740 lege
941 3651 1125 3722 obtestans.
1145 3651 1275 3720 Conuo-

232 3899 239 3939 ¹
264 3892 317 3955 Ol.
335 3894 482 3972 Dropsea
500 3893 541 3955 Hi
549 3902 588 3955 st.
605 3892 641 3955 de
654 3893 870 3970 l'Hellenisme‚
888 3894 1025 3958 translat.
1041 3892 1274 3975 irena-gallia,

190 4012 309 4065 auctore
324 3997 637 4084 Raetiae-Leainon„
654 4011 729 4066 tom.
746 4004 806 4079 ΙΙΙ,
824 4020 894 4083 pag.
911 4003 985 4068 521.

235 4105 248 4144 ‘³
268 4111 372 4185 Pena,
396 4108 475 4191 Ag,
494 4110 524 4172 8.
