3159 5059
838 495 878 507 ..
899 460 937 523 52
958 496 998 507 ..

376 596 523 684 ephoros
538 599 737 665 constitutos
757 620 833 667 esse
848 606 886 667 ut
900 600 977 668 lites
991 622 1009 669 e
1025 602 1255 669 contractibus
1271 607 1362 669 ortas
1377 599 1455 667 diri-

371 726 515 787 merent.
544 721 592 806 Ita
622 741 681 789 eos
711 723 808 813 quasi
832 735 990 808 pretores
1013 730 1207 809 porcariam
1238 724 1457 791 Doriensium

377 843 469 933 apud
486 844 596 913 uictos
614 845 891 916 Lacedaemonios
906 849 1020 939 stirpis
1039 850 1186 917 achaicae
1205 869 1224 917 e
1244 848 1361 917 Steinii
1375 868 1456 915 sen·

372 969 477 1037 tentia
505 970 665 1059 effingere
695 993 891 1061 possumus.
921 974 1049 1052 Quibus
1080 981 1198 1063 postea
1228 974 1455 1063 perioecorum

375 1114 457 1161 cura
471 1094 611 1183 contigit
630 1102 664 1164 et
682 1116 762 1164 mox
776 1103 854 1185 post
868 1098 960 1166 bella
974 1099 1144 1167 messenia
1157 1104 1315 1167 ueterum
1327 1098 1457 1165 ciuium

373 1224 406 1287 et
431 1219 641 1288 adlectorum
658 1221 695 1288 in
710 1221 883 1292 ciuitatem
902 1223 1130 1312 perioecorum
1150 1222 1280 1291 iudices
1299 1229 1332 1291 et
1351 1221 1455 1289 duces

375 1352 558 1414 euaserunt
579 1348 798 1436 magistratus
825 1348 872 1416 illi
903 1348 946 1416 ad
965 1354 1100 1437 tempus
1118 1349 1274 1437 Asteropi
1298 1344 1451 1437 ephori‘,

371 1468 406 1535 in
421 1470 565 1538 concilia
584 1478 722 1539 senatus
736 1493 879 1561 prorsus
899 1473 1052 1542 admissi.

421 1594 501 1672 Quae
520 1617 645 1685 magna
659 1618 700 1666 cx
715 1604 810 1687 parte
823 1598 1013 1688 probabilia
1029 1604 1062 1667 et
1076 1598 1255 1686 ingeniose
1270 1598 1458 1685 excogitata

373 1740 436 1788 nec
455 1721 556 1789 certis
576 1722 779 1791 testimoniis
794 1724 1059 1813 comprobantur
1079 1744 1143 1791 nec
1167 1724 1252 1792 satis
1275 1722 1459 1791 ostendunt

373 1844 557 1932 quomodo,
575 1847 785 1916 exstantibus
812 1823 963 1935 regibus,
982 1849 1101 1937 ephori
1126 1847 1170 1915 ad
1189 1853 1321 1915 tantam
1342 1852 1458 1936 potes-

372 1974 477 2037 tatem
505 1972 734 2060 peruenerint.
767 1974 854 2040 Nam
881 1973 1025 2060 singulis
1055 1972 1144 2041 uicis
1173 1972 1272 2040 nollo
1306 1970 1459 2059 singulos

373 2095 520 2182 ephoros
544 2101 697 2185 tempore
723 2098 900 2186 prefuisse
936 2104 1072 2166 ueteres
1096 2098 1282 2185 scriptores
1311 2096 1454 2181 docent3

374 2220 467 2288 solus
487 2222 747 2310 magistratuum
762 2244 928 2292 numerus
943 2244 1023 2291 cum
1042 2224 1199 2291 uicorum
1213 2243 1359 2291 numero
1374 2243 1457 2290 con·

372 2345 468 2413 uenit
482 2353 516 2414 et
535 2367 576 2414 ex
598 2348 673 2415 aliis
687 2347 954 2435 magistratibus,
977 2347 1102 2429 Bidcis,
1122 2347 1357 2434 AgathoergiS,
1381 2347 1456 2413 Ern-

373 2471 500 2559 peloris
516 2472 666 2561 quinque
682 2473 837 2539 uirorum
853 2473 997 2560 collegia
1011 2478 1167 2541 constare
1178 2473 1318 2553 scimus,
1332 2471 1458 2558 quibus

373 2602 580 2661 tamennon
616 2594 736 2664 eadem
769 2597 865 2685 origo
896 2602 996 2686 atque
1026 2595 1162 2684 ephoris
1185 2593 1369 2663 tribuenda
1392 2601 1453 2663 est.

374 2717 469 2787 Adde
485 2718 577 2808 quod
598 2719 640 2788 de
661 2726 778 2789 uetere
793 2722 851 2789 uel
870 2721 912 2789 de
931 2741 1022 2789 nouo
1038 2720 1184 2788 ciuitatis
1203 2719 1277 2788 iure
1298 2724 1456 2808 Spartano

373 2844 459 2912 nihil
476 2830 649 2914 nouimus

423 2970 523 3040 Haud
542 2973 639 3041 aliter
654 2974 871 3042 sentiendum
887 2979 938 3043 est
957 2974 1000 3042 de
1014 2974 1051 3041 E.
1067 2972 1170 3040 Curtii
1190 2972 1364 3060 opinione,
1383 2972 1454 3059 qui,

377 3096 575 3166 auctoritate
591 3098 629 3165 0.
643 3098 797 3167 Muelleri
812 3098 932 3182 fretus,
946 3104 1024 3166 ante
1038 3097 1257 3165 Doriensium
1271 3095 1456 3164 aduentum

377 3221 547 3291 exstitisse
567 3222 773 3311 ephororum
787 3243 915 3291 munus
928 3229 1018 3291 recte
1033 3220 1141 3290 credit
1155 3226 1188 3288 et
1201 3218 1330 3309 duplici
1346 3221 1455 3308 regia-

375 3366 453 3414 rum
466 3346 675 3415 familiarum
688 3347 832 3437 imporio
852 3354 928 3437 post
947 3347 1122 3415 subactam
1138 3345 1340 3413 Laconicam
1355 3365 1454 3434 oppo-

377 3472 480 3539 situm
494 3492 570 3541 esse
589 3492 609 3538 a
629 3472 866 3555 Doriensibus‚
890 3473 970 3562 quia
990 3471 1115 3560 duplex
1139 3491 1260 3558 regum
1280 3476 1456 3558 spartano-

377 3618 454 3665 rum
478 3598 616 3667 suboles
643 3600 781 3668 achaica
801 3600 905 3689 stirpe
925 3605 998 3668 orta
1017 3606 1101 3680 erat,
1124 3598 1272 3667 achaicis
1299 3598 1458 3665 institutis

377 3720 497 3791 fulta².
519 3724 601 3802 Quae
620 3726 701 3793 insit
717 3726 798 3793 huic
816 3726 1020 3794 coniecturae
1039 3745 1117 3813 pars
1131 3723 1207 3792 ueri
1228 3743 1292 3791 nec
1314 3723 1353 3789 E.
1377 3723 1459 3790 Cur-

425 3902 431 3937 ¹
452 3901 547 3974 Plot,
571 3898 699 3975 Cle-om,
719 3898 766 3961 10.

419 4005 432 4043 ²
454 4008 489 4067 E.
505 4007 641 4082 Curtios,
660 4010 738 4071 Hist.
752 4025 849 4087 grecq.
869 4005 1166 4090 (transitu-gallic„
1184 4014 1304 4069 auctore
1320 4002 1455 4068 Bouche-

384 4113 545 4199 heclercqt,
562 4134 627 4199 pag.
645 4115 714 4193 213,
731 4116 801 4191 215,
818 4116 888 4191 237,
905 4116 975 4192 249,
993 4116 1063 4181 261.
