3159 5059
609 458 648 473 ..
669 426 708 489 35
729 458 767 471 ..

147 572 201 636 est
214 566 383 658 populum
397 586 435 635 se
449 586 519 634 non
535 564 675 653 antiquo
691 564 764 633 iure
781 562 825 633 de
839 563 1027 653 partiendis
1041 566 1132 655 agris
1142 566 1234 637 abdi·

148 694 295 763 cauisse.
309 694 462 783 Ephorus
482 697 608 775 autem,
626 689 745 780 populi
759 690 961 779 interpretes
981 695 1015 760 et
1028 696 1172 776 tutores,
1194 715 1233 764 se

150 818 326 908 gerebant,
348 818 423 887 eius
445 816 575 886 seilicet
592 815 712 906 pepuli
736 814 795 904 qui
819 821 1089 885 aristocraticum
1104 838 1236 893 morem

153 945 372 1034 sequebatur.

201 1068 290 1137 lllud
308 1070 449 1159 insuper
466 1068 503 1135 in
529 1066 679 1137 obscura
706 1068 895 1156 quaestioue
928 1041 1235 1139 attentiusexami-

152 1199 255 1263 netur
275 1193 395 1276 uelim,
417 1212 485 1281 quo
506 1192 582 1260 loco
601 1190 801 1259 Aristoteles
821 1211 948 1260 munus
971 1193 1179 1282 ephororum
1197 1195 1234 1263 iu

153 1318 375 1386 Politioorum
402 1316 500 1384 libris
523 1316 751 1406 descripserit.
788 1317 919 1405 Nempe
943 1316 985 1386 de
1012 1319 1078 1387 hoc
1098 1316 1236 1389 disserit

153 1448 339 1532 postquam
357 1442 513 1531 Spartam
537 1440 667 1509 ciuium
681 1442 824 1531 penuria
847 1442 977 1529 perisse
997 1439 1148 1512 docuit¹.

203 1570 347 1637 Prorsus
365 1574 402 1639 τὰ
416 1574 480 1662 περὶ
493 1574 544 1645 τὴν
556 1572 670 1663 ἐφορίαν
683 1565 893 1657 exsequitur,
911 1568 1009 1656 quasi
1019 1568 1235 1641 cohaerentia

154 1714 234 1763 cum
263 1713 424 1781 agrorum
452 1697 486 1762 et
511 1712 753 1781 possessorum
785 1697 887 1759 statu.
913 1691 995 1769 Quae
1020 1694 1124 1781 igitur
1150 1696 1235 1765 uitio

154 1819 259 1889 uertit
277 1818 439 1907 ephoriae‚
461 1817 490 1886 si
515 1836 587 1887 non
618 1815 660 1886 ab
682 1816 863 1884 imminuto
883 1818 1012 1885 ciuium
1030 1839 1175 1891 numero
1202 1828 1238 1892 et

158 1950 258 2014 aucta
271 1943 460 2011 multorum
479 1948 678 2032 paupertate
693 1942 837 2032 scriptor
851 1942 1002 2031 pendere
1021 1944 1180 2034 affirmat,
1203 1955 1237 2041 at

156 2068 279 2137 saltem
298 2086 354 2134 res
373 2065 455 2134 istas
474 2065 684 2154 propinquas
703 2084 779 2133 esse
795 2063 944 2134 indicare
959 2067 1108 2137 uidetur.

204 2189 292 2267 Quin
311 2189 383 2277 ipse
400 2187 568 2257 rationem
586 2186 700 2256 reddit
714 2208 774 2254 cur
784 2207 843 2255 eas
858 2189 1005 2257 iunxerit
1019 2213 1027 2275 3
1050 2195 1236 2283 namprius

155 2315 240 2383 dixit
258 2316 328 2399 ille,
347 2334 425 2382 cum
441 2334 562 2382 causas
581 2313 802 2403 inaequalium
815 2313 1031 2383 fortunarum
1050 2327 1231 2406 quereret,

154 2442 232 2531 lege
248 2441 294 2508 ita
311 2439 467 2507 uitiatam
489 2437 595 2507 fuisse
614 2438 891 2507 constitutionem
919 2440 1164 2530 Spartanorum
1181 2451 1231 2532 ut,

159 2566 319 2658 quamuis
348 2564 533 2633 abalienari
565 2564 707 2633 heredia
731 2585 802 2633 non
820 2565 951 2649 liceret,
985 2572 1100 2638 tamen
1127 2570 1237 2641 libera

157 2691 269 2760 cuiuis
289 2696 442 2781 potestas
468 2710 629 2779 agrorum
655 2690 713 2759 uel
742 2689 980 2760 donandorum
1005 2693 1095 2764 inter
1118 2697 1233 2785 niune,

157 2817 215 2887 uel
235 2822 438 2886 testamento
465 2817 689 2906 legandorum
717 2817 885 2907 permissa
907 2815 1030 2887 esset².
1053 2821 1134 2891 Eius
1152 2842 1237 2892 uero

158 2943 259 3033 legis
279 2943 336 3012 uel
355 2944 481 3012 rectius
497 2941 664 3012 adiunctae
679 2942 722 3011 ad
737 2943 832 3011 illam
842 2944 1125 3015 consuetudinem
1136 2969 1239 3038 quam

157 3070 312 3139 nominat
328 3069 441 3158 legem
451 3070 650 3139 Aristoteles
661 3066 686 3154 ⁸,
709 3070 895 3158 rogationis
911 3070 988 3162 quis
1002 3070 1105 3142 fuerit
1121 3080 1239 3144 auctor

157 3195 334 3263 nouimus.
359 3196 407 3263 De
431 3196 561 3284 ephoro
581 3194 744 3285 Epitadeo
772 3196 895 3283 agitur,
919 3217 940 3264 a
966 3217 1034 3286 quo
1053 3219 1117 3268 nos
1143 3200 1242 3271 docet

158 3321 360 3390 Plutarchus
384 3326 485 3389 uetus
512 3321 555 3391 de
581 3326 680 3390 terrm
698 3321 917 3411 possessione
941 3322 995 3392 ius
1022 3324 1242 3396 immutatum

159 3468 236 3517 esse
250 3453 327 3537 post
345 3452 500 3538 tempora
513 3444 716 3538 Lysandri4.
742 3448 831 3526 Quin
851 3449 957 3518 immo
972 3457 1125 3521 sanctam
1145 3455 1241 3523 illam

200 3663 210 3697 ¹
233 3660 343 3735 Arist,
359 3659 440 3733 rot,
461 3659 504 3737 11,
520 3658 550 3735 6,
568 3659 617 3724 13.
636 3659 741 3735 12701»,
759 3658 798 3722 40
811 3678 875 3741 sqq.
892 3661 991 3725 Beldr.
1008 3667 1077 3728 mai.

199 3770 212 3809 ²
231 3768 290 3842 Id,
306 3767 390 3841 ibid,
407 3769 448 3843 II,
464 3767 495 3844 6,
514 3768 561 3832 10.
581 3768 680 3845 12702,
698 3768 806 3831 19-25.
824 3769 921 3832 Behk.
939 3772 1020 3834 mai.

202 3875 214 3914 ³
235 3878 302 3942 Non
317 3880 396 3941 euim
410 3887 488 3941 recte
498 3879 674 3944 Aristoteles
684 3880 812 3960 antiquae
825 3880 882 3959 legi
897 3880 998 3945 tribuit
1013 3882 1092 3963 quod
1107 3884 1144 3947 ad
1161 3886 1236 3968 Epi·

167 3985 284 4050 tadeum
299 3987 484 4051 referendum
498 3996 553 4051 est.

205 4097 218 4131 ⁴
240 4095 336 4170 Plut„
353 4096 427 4175 Ag,
443 4095 472 4157 5.
