<?xml version="1.0" encoding="UTF-8"?>
<!DOCTYPE html PUBLIC "-//W3C//DTD XHTML 1.0 Transitional//EN"
    "http://www.w3.org/TR/xhtml1/DTD/xhtml1-transitional.dtd">
<html xmlns="http://www.w3.org/1999/xhtml" xml:lang="en" lang="en">
 <head>
  <title>
</title>
<meta http-equiv="Content-Type" content="text/html;charset=utf-8" />
  <meta name='ocr-system' content='tesseract 3.04.00' />
  <meta name='ocr-capabilities' content='ocr_page ocr_carea ocr_par ocr_line ocrx_word'/>
</head>
<body>
  <div class='ocr_page' id='page_1' title='image "./deephorissparta00gachgoog_0070.png"; bbox 0 0 3159 5059; ppageno 0'>
   <div class='ocr_carea' id='block_1_1' title="bbox 855 452 1013 515">
    <p class='ocr_par' dir='ltr' id='par_1_1' title="bbox 855 452 1013 515">
     <span class='ocr_line' id='line_1_1' title="bbox 855 452 1013 515; baseline 0.013 -16"><span class='ocrx_word' id='word_1_1' title='bbox 855 452 1013 515; x_wconf 82' lang='grc'>-56-</span> 
     </span>
    </p>
   </div>
   <div class='ocr_carea' id='block_1_2' title="bbox 375 592 1464 2059">
    <p class='ocr_par' dir='ltr' id='par_1_2' title="bbox 380 592 1464 809">
     <span class='ocr_line' id='line_1_2' title="bbox 383 592 1464 684; baseline -0.001 -21"><span class='ocrx_word' id='word_1_2' title='bbox 383 592 536 663; x_wconf 89' lang='lat' dir='ltr'>sionibus</span> <span class='ocrx_word' id='word_1_3' title='bbox 567 594 762 684; x_wconf 76' lang='lat' dir='ltr'>impositam</span> <span class='ocrx_word' id='word_1_4' title='bbox 789 593 1030 663; x_wconf 78' lang='lat' dir='ltr'>essedorum</span> <span class='ocrx_word' id='word_1_5' title='bbox 1056 593 1151 662; x_wconf 88' lang='lat' dir='ltr'>enim</span> <span class='ocrx_word' id='word_1_6' title='bbox 1169 593 1358 663; x_wconf 89' lang='lat' dir='ltr'>ministerio</span> <span class='ocrx_word' id='word_1_7' title='bbox 1388 601 1464 662; x_wconf 86' lang='lat' dir='ltr'>sta-</span> 
     </span>
     <span class='ocr_line' id='line_1_3' title="bbox 380 718 962 809; baseline -0.003 -22"><span class='ocrx_word' id='word_1_8' title='bbox 380 718 540 789; x_wconf 88' lang='lat' dir='ltr'>hilitaest</span> <span class='ocrx_word' id='word_1_9' title='bbox 553 718 741 788; x_wconf 76' lang='lat' dir='ltr'>dominatio</span> <span class='ocrx_word' id='word_1_10' title='bbox 761 738 962 809; x_wconf 90' lang='lat' dir='ltr'>paucorum.</span> 
     </span>
    </p>

    <p class='ocr_par' dir='ltr' id='par_1_3' title="bbox 375 842 1464 2059">
     <span class='ocr_line' id='line_1_4' title="bbox 428 842 1464 941; baseline 0.002 -29"><span class='ocrx_word' id='word_1_11' title='bbox 428 844 469 912; x_wconf 89' lang='lat' dir='ltr'>Ut</span> <span class='ocrx_word' id='word_1_12' title='bbox 483 843 586 913; x_wconf 90' lang='lat' dir='ltr'>uenia</span> <span class='ocrx_word' id='word_1_13' title='bbox 605 842 745 913; x_wconf 84' lang='lat' dir='ltr'>concedi</span> <span class='ocrx_word' id='word_1_14' title='bbox 769 844 878 932; x_wconf 86' lang='lat' dir='ltr'>possit</span> <span class='ocrx_word' id='word_1_15' title='bbox 892 842 974 910; x_wconf 91' lang='lat' dir='ltr'>huic</span> <span class='ocrx_word' id='word_1_16' title='bbox 992 842 1182 928; x_wconf 79' lang='lat' dir='ltr'>sententiaa,</span> <span class='ocrx_word' id='word_1_17' title='bbox 1209 864 1286 941; x_wconf 82' lang='lat' dir='ltr'>quaa</span> <span class='ocrx_word' id='word_1_18' title='bbox 1304 844 1464 934; x_wconf 90' lang='lat' dir='ltr'>pluribus</span> 
     </span>
     <span class='ocr_line' id='line_1_5' title="bbox 379 967 1462 1059; baseline -0.002 -20"><span class='ocrx_word' id='word_1_19' title='bbox 379 968 614 1058; x_wconf 80' lang='lat' dir='ltr'>explicabitur,</span> <span class='ocrx_word' id='word_1_20' title='bbox 642 987 784 1037; x_wconf 90' lang='lat' dir='ltr'>necesse</span> <span class='ocrx_word' id='word_1_21' title='bbox 816 972 868 1036; x_wconf 91' lang='lat' dir='ltr'>est</span> <span class='ocrx_word' id='word_1_22' title='bbox 898 967 1096 1037; x_wconf 81' lang='lat' dir='ltr'>meminisse</span> <span class='ocrx_word' id='word_1_23' title='bbox 1123 970 1275 1059; x_wconf 91' lang='lat' dir='ltr'>primurn</span> <span class='ocrx_word' id='word_1_24' title='bbox 1302 970 1388 1037; x_wconf 91' lang='lat' dir='ltr'>nihil</span> <span class='ocrx_word' id='word_1_25' title='bbox 1417 971 1462 1038; x_wconf 87' lang='lat' dir='ltr'>ad</span> 
     </span>
     <span class='ocr_line' id='line_1_6' title="bbox 378 1092 1462 1185; baseline 0 -22"><span class='ocrx_word' id='word_1_26' title='bbox 378 1092 593 1163; x_wconf 84' lang='lat' dir='ltr'>enodandam</span> <span class='ocrx_word' id='word_1_27' title='bbox 621 1092 723 1183; x_wconf 90' lang='lat' dir='ltr'>plane</span> <span class='ocrx_word' id='word_1_28' title='bbox 752 1092 961 1182; x_wconf 79' lang='lat' dir='ltr'>ephororum</span> <span class='ocrx_word' id='word_1_29' title='bbox 993 1092 1162 1181; x_wconf 85' lang='lat' dir='ltr'>originem</span> <span class='ocrx_word' id='word_1_30' title='bbox 1188 1095 1355 1184; x_wconf 89' lang='lat' dir='ltr'>proficere</span> <span class='ocrx_word' id='word_1_31' title='bbox 1384 1116 1462 1185; x_wconf 84' lang='lat' dir='ltr'>quae</span> 
     </span>
     <span class='ocr_line' id='line_1_7' title="bbox 378 1215 1461 1308; baseline 0.005 -23"><span class='ocrx_word' id='word_1_32' title='bbox 378 1222 534 1287; x_wconf 76' lang='lat' dir='ltr'>recentes</span> <span class='ocrx_word' id='word_1_33' title='bbox 553 1215 764 1307; x_wconf 77' lang='lat' dir='ltr'>antiquitatis</span> <span class='ocrx_word' id='word_1_34' title='bbox 793 1216 995 1307; x_wconf 84' lang='lat' dir='ltr'>interpretes</span> <span class='ocrx_word' id='word_1_35' title='bbox 1022 1224 1319 1308; x_wconf 86' lang='lat' dir='ltr'>exprompserunt,</span> <span class='ocrx_word' id='word_1_36' title='bbox 1342 1240 1461 1289; x_wconf 89' lang='lat' dir='ltr'>secum</span> 
     </span>
     <span class='ocr_line' id='line_1_8' title="bbox 376 1341 1460 1432; baseline 0.003 -21"><span class='ocrx_word' id='word_1_37' title='bbox 376 1362 462 1411; x_wconf 93' lang='lat' dir='ltr'>uero</span> <span class='ocrx_word' id='word_1_38' title='bbox 490 1348 549 1411; x_wconf 91' lang='lat' dir='ltr'>aut</span> <span class='ocrx_word' id='word_1_39' title='bbox 578 1364 657 1411; x_wconf 90' lang='lat' dir='ltr'>cnm</span> <span class='ocrx_word' id='word_1_40' title='bbox 683 1342 889 1411; x_wconf 87' lang='lat' dir='ltr'>testimoniis</span> <span class='ocrx_word' id='word_1_41' title='bbox 918 1341 1124 1432; x_wconf 89' lang='lat' dir='ltr'>quibusdam</span> <span class='ocrx_word' id='word_1_42' title='bbox 1152 1351 1311 1413; x_wconf 88' lang='lat' dir='ltr'>ueterum</span> <span class='ocrx_word' id='word_1_43' title='bbox 1337 1347 1460 1416; x_wconf 90' lang='lat' dir='ltr'>eadem</span> 
     </span>
     <span class='ocr_line' id='line_1_9' title="bbox 377 1468 1459 1562; baseline 0.002 -23"><span class='ocrx_word' id='word_1_44' title='bbox 377 1491 529 1561; x_wconf 85' lang='lat' dir='ltr'>pugnare</span> <span class='ocrx_word' id='word_1_45' title='bbox 544 1494 552 1557; x_wconf 70' lang='grc' dir='ltr'><strong>ς</strong></span> <span class='ocrx_word' id='word_1_46' title='bbox 566 1469 690 1539; x_wconf 85' lang='lat' dir='ltr'>deinde</span> <span class='ocrx_word' id='word_1_47' title='bbox 705 1469 801 1537; x_wconf 90' lang='lat' dir='ltr'>nulla</span> <span class='ocrx_word' id='word_1_48' title='bbox 815 1475 947 1539; x_wconf 85' lang='lat' dir='ltr'>exstare</span> <span class='ocrx_word' id='word_1_49' title='bbox 963 1468 1130 1559; x_wconf 86' lang='lat' dir='ltr'>deprimo</span> <span class='ocrx_word' id='word_1_50' title='bbox 1145 1471 1354 1562; x_wconf 87' lang='lat' dir='ltr'>ephororum</span> <span class='ocrx_word' id='word_1_51' title='bbox 1363 1494 1459 1543; x_wconf 84' lang='lat' dir='ltr'>exor-</span> 
     </span>
     <span class='ocr_line' id='line_1_10' title="bbox 376 1592 1457 1686; baseline 0.002 -22"><span class='ocrx_word' id='word_1_52' title='bbox 376 1596 433 1665; x_wconf 92' lang='lat' dir='ltr'>dio</span> <span class='ocrx_word' id='word_1_53' title='bbox 453 1594 670 1679; x_wconf 88' lang='lat' dir='ltr'>documenta,</span> <span class='ocrx_word' id='word_1_54' title='bbox 692 1594 758 1663; x_wconf 89' lang='lat' dir='ltr'>nisi</span> <span class='ocrx_word' id='word_1_55' title='bbox 785 1594 873 1662; x_wconf 93' lang='lat' dir='ltr'>inter</span> <span class='ocrx_word' id='word_1_56' title='bbox 899 1614 938 1662; x_wconf 87' lang='lat' dir='ltr'>se</span> <span class='ocrx_word' id='word_1_57' title='bbox 957 1592 1168 1663; x_wconf 89' lang='lat' dir='ltr'>dissidentia.</span> <span class='ocrx_word' id='word_1_58' title='bbox 1201 1597 1457 1686; x_wconf 88' lang='lat' dir='ltr'>Desperandam</span> 
     </span>
     <span class='ocr_line' id='line_1_11' title="bbox 375 1718 1454 1810; baseline 0.001 -21"><span class='ocrx_word' id='word_1_59' title='bbox 375 1721 477 1810; x_wconf 83' lang='lat' dir='ltr'>igitur</span> <span class='ocrx_word' id='word_1_60' title='bbox 508 1720 647 1789; x_wconf 88' lang='lat' dir='ltr'>omnino</span> <span class='ocrx_word' id='word_1_61' title='bbox 676 1725 710 1788; x_wconf 90' lang='lat' dir='ltr'>et</span> <span class='ocrx_word' id='word_1_62' title='bbox 740 1719 777 1787; x_wconf 90' lang='lat' dir='ltr'>in</span> <span class='ocrx_word' id='word_1_63' title='bbox 805 1718 919 1787; x_wconf 91' lang='lat' dir='ltr'>medio</span> <span class='ocrx_word' id='word_1_64' title='bbox 947 1718 1207 1807; x_wconf 84' lang='lat' dir='ltr'>relinquendam</span> <span class='ocrx_word' id='word_1_65' title='bbox 1227 1723 1454 1810; x_wconf 85' lang='lat' dir='ltr'>quaestionem</span> 
     </span>
     <span class='ocr_line' id='line_1_12' title="bbox 375 1844 1455 1929; baseline 0.001 -14"><span class='ocrx_word' id='word_1_66' title='bbox 375 1850 518 1929; x_wconf 90' lang='lat' dir='ltr'>constat,</span> <span class='ocrx_word' id='word_1_67' title='bbox 532 1845 561 1913; x_wconf 88' lang='lat' dir='ltr'>si</span> <span class='ocrx_word' id='word_1_68' title='bbox 576 1850 731 1914; x_wconf 87' lang='lat' dir='ltr'>accurata</span> <span class='ocrx_word' id='word_1_69' title='bbox 746 1849 779 1914; x_wconf 91' lang='lat' dir='ltr'>et</span> <span class='ocrx_word' id='word_1_70' title='bbox 788 1845 890 1914; x_wconf 90' lang='lat' dir='ltr'>certis</span> <span class='ocrx_word' id='word_1_71' title='bbox 901 1844 1107 1913; x_wconf 90' lang='lat' dir='ltr'>testimoniis</span> <span class='ocrx_word' id='word_1_72' title='bbox 1117 1846 1455 1917; x_wconf 83' lang='lat' dir='ltr'>confirmataratione</span> 
     </span>
     <span class='ocr_line' id='line_1_13' title="bbox 375 1968 1455 2059; baseline -0.002 -20"><span class='ocrx_word' id='word_1_73' title='bbox 375 1970 418 2039; x_wconf 88' lang='lat' dir='ltr'>ad</span> <span class='ocrx_word' id='word_1_74' title='bbox 431 1990 507 2040; x_wconf 89' lang='lat' dir='ltr'>eam</span> <span class='ocrx_word' id='word_1_75' title='bbox 525 1968 760 2059; x_wconf 83' lang='lat' dir='ltr'>explicandam</span> <span class='ocrx_word' id='word_1_76' title='bbox 783 1968 951 2038; x_wconf 86' lang='lat' dir='ltr'>utendum</span> <span class='ocrx_word' id='word_1_77' title='bbox 981 1974 1044 2037; x_wconf 90' lang='lat' dir='ltr'>est.</span> <span class='ocrx_word' id='word_1_78' title='bbox 1079 1969 1198 2058; x_wconf 90' lang='lat' dir='ltr'>Itaque</span> <span class='ocrx_word' id='word_1_79' title='bbox 1218 1970 1397 2039; x_wconf 89' lang='lat' dir='ltr'>remissius</span> <span class='ocrx_word' id='word_1_80' title='bbox 1422 1972 1455 2038; x_wconf 91' lang='lat' dir='ltr'>in</span> 
     </span>
    </p>
   </div>
   <div class='ocr_carea' id='block_1_3' title="bbox 374 2090 1548 2188">
    <p class='ocr_par' dir='ltr' id='par_1_4' title="bbox 374 2090 1548 2188">
     <span class='ocr_line' id='line_1_14' title="bbox 374 2090 1548 2188; baseline -0.001 -24"><span class='ocrx_word' id='word_1_81' title='bbox 374 2114 415 2165; x_wconf 84' lang='lat' dir='ltr'>aa</span> <span class='ocrx_word' id='word_1_82' title='bbox 433 2114 543 2183; x_wconf 85' lang='lat' dir='ltr'>genus</span> <span class='ocrx_word' id='word_1_83' title='bbox 557 2090 740 2181; x_wconf 80' lang='lat' dir='ltr'>indagandi</span> <span class='ocrx_word' id='word_1_84' title='bbox 754 2099 787 2161; x_wconf 89' lang='lat' dir='ltr'>et</span> <span class='ocrx_word' id='word_1_85' title='bbox 807 2092 852 2161; x_wconf 88' lang='lat' dir='ltr'>ad</span> <span class='ocrx_word' id='word_1_86' title='bbox 871 2112 994 2162; x_wconf 90' lang='lat' dir='ltr'>uerum</span> <span class='ocrx_word' id='word_1_87' title='bbox 1015 2112 1119 2181; x_wconf 89' lang='lat' dir='ltr'>quam</span> <span class='ocrx_word' id='word_1_88' title='bbox 1138 2093 1294 2182; x_wconf 89' lang='lat' dir='ltr'>proxime</span> <span class='ocrx_word' id='word_1_89' title='bbox 1310 2092 1455 2163; x_wconf 85' lang='lat' dir='ltr'>adducta</span> <span class='ocrx_word' id='word_1_90' title='bbox 1547 2139 1548 2188; x_wconf 66' lang='lat'><em>3</em></span> 
     </span>
    </p>
   </div>
   <div class='ocr_carea' id='block_1_4' title="bbox 370 2216 1453 3059">
    <p class='ocr_par' dir='ltr' id='par_1_5' title="bbox 375 2216 935 2289">
     <span class='ocr_line' id='line_1_15' title="bbox 375 2216 935 2289; baseline -0.005 -2"><span class='ocrx_word' id='word_1_91' title='bbox 375 2219 550 2289; x_wconf 89' lang='lat' dir='ltr'>conclusio</span> <span class='ocrx_word' id='word_1_92' title='bbox 565 2217 647 2286; x_wconf 90' lang='lat' dir='ltr'>satis</span> <span class='ocrx_word' id='word_1_93' title='bbox 662 2216 782 2285; x_wconf 84' lang='lat' dir='ltr'>haberi</span> <span class='ocrx_word' id='word_1_94' title='bbox 798 2216 935 2285; x_wconf 87' lang='lat' dir='ltr'>dehent.</span> 
     </span>
    </p>

    <p class='ocr_par' dir='ltr' id='par_1_6' title="bbox 372 2340 1453 2813">
     <span class='ocr_line' id='line_1_16' title="bbox 423 2340 1453 2430; baseline 0 -18"><span class='ocrx_word' id='word_1_95' title='bbox 423 2344 507 2412; x_wconf 84' lang='lat' dir='ltr'>Cum</span> <span class='ocrx_word' id='word_1_96' title='bbox 534 2347 649 2410; x_wconf 90' lang='lat' dir='ltr'>autem</span> <span class='ocrx_word' id='word_1_97' title='bbox 680 2340 938 2430; x_wconf 87' lang='lat' dir='ltr'>Theopompum</span> <span class='ocrx_word' id='word_1_98' title='bbox 957 2345 1053 2410; x_wconf 76' lang='lat' dir='ltr'>atate</span> <span class='ocrx_word' id='word_1_99' title='bbox 1074 2340 1312 2425; x_wconf 85' lang='lat' dir='ltr'>antecessisse,</span> <span class='ocrx_word' id='word_1_100' title='bbox 1343 2363 1453 2412; x_wconf 88' lang='lat' dir='ltr'>neca</span> 
     </span>
     <span class='ocr_line' id='line_1_17' title="bbox 373 2445 1452 2559; baseline -0.005 -20"><span class='ocrx_word' id='word_1_101' title='bbox 373 2490 453 2559; x_wconf 85' lang='lat' dir='ltr'>rege</span> <span class='ocrx_word' id='word_1_102' title='bbox 472 2469 544 2536; x_wconf 93' lang='lat' dir='ltr'>ullo</span> <span class='ocrx_word' id='word_1_103' title='bbox 554 2466 748 2535; x_wconf 90' lang='lat' dir='ltr'>institutum</span> <span class='ocrx_word' id='word_1_104' title='bbox 764 2485 842 2534; x_wconf 89' lang='lat' dir='ltr'>esse</span> <span class='ocrx_word' id='word_1_105' title='bbox 857 2446 1065 2555; x_wconf 85' lang='lat' dir='ltr'>ephororum</span> <span class='ocrx_word' id='word_1_106' title='bbox 1073 2485 1199 2533; x_wconf 89' lang='lat' dir='ltr'>munus</span> <span class='ocrx_word' id='word_1_107' title='bbox 1208 2445 1377 2535; x_wconf 90' lang='lat' dir='ltr'>nonnulla</span> <span class='ocrx_word' id='word_1_108' title='bbox 1391 2487 1452 2534; x_wconf 90' lang='lat' dir='ltr'>nos</span> 
     </span>
     <span class='ocr_line' id='line_1_18' title="bbox 373 2591 1450 2685; baseline -0.006 -21"><span class='ocrx_word' id='word_1_109' title='bbox 373 2595 570 2685; x_wconf 86' lang='lat' dir='ltr'>impulerint</span> <span class='ocrx_word' id='word_1_110' title='bbox 597 2600 635 2661; x_wconf 91' lang='lat' dir='ltr'>ut</span> <span class='ocrx_word' id='word_1_111' title='bbox 654 2592 872 2662; x_wconf 88' lang='lat' dir='ltr'>crederemus</span> <span class='ocrx_word' id='word_1_112' title='bbox 883 2591 909 2676; x_wconf 79' lang='lat'>⁴,</span> <span class='ocrx_word' id='word_1_113' title='bbox 932 2597 1037 2661; x_wconf 90' lang='lat' dir='ltr'>restat</span> <span class='ocrx_word' id='word_1_114' title='bbox 1055 2597 1092 2659; x_wconf 90' lang='lat' dir='ltr'>nt</span> <span class='ocrx_word' id='word_1_115' title='bbox 1110 2612 1179 2680; x_wconf 90' lang='lat' dir='ltr'>quo</span> <span class='ocrx_word' id='word_1_116' title='bbox 1210 2592 1345 2661; x_wconf 88' lang='lat' dir='ltr'>circiter</span> <span class='ocrx_word' id='word_1_117' title='bbox 1362 2598 1450 2661; x_wconf 91' lang='lat' dir='ltr'>tem-</span> 
     </span>
     <span class='ocr_line' id='line_1_19' title="bbox 372 2717 1446 2813; baseline -0.005 -23"><span class='ocrx_word' id='word_1_118' title='bbox 372 2742 454 2813; x_wconf 90' lang='lat' dir='ltr'>pore</span> <span class='ocrx_word' id='word_1_119' title='bbox 478 2725 644 2811; x_wconf 90' lang='lat' dir='ltr'>potestate</span> <span class='ocrx_word' id='word_1_120' title='bbox 672 2738 735 2786; x_wconf 89' lang='lat' dir='ltr'>sua</span> <span class='ocrx_word' id='word_1_121' title='bbox 754 2718 937 2805; x_wconf 84' lang='lat' dir='ltr'>collegium</span> <span class='ocrx_word' id='word_1_122' title='bbox 956 2717 1005 2785; x_wconf 89' lang='lat' dir='ltr'>uti</span> <span class='ocrx_word' id='word_1_123' title='bbox 1034 2717 1210 2807; x_wconf 83' lang='lat' dir='ltr'>inceperit,</span> <span class='ocrx_word' id='word_1_124' title='bbox 1243 2738 1446 2806; x_wconf 84' lang='lat' dir='ltr'>quaeramus.</span> 
     </span>
    </p>

    <p class='ocr_par' dir='ltr' id='par_1_7' title="bbox 370 2840 1450 3059">
     <span class='ocr_line' id='line_1_20' title="bbox 422 2840 1450 2935; baseline -0.006 -21"><span class='ocrx_word' id='word_1_125' title='bbox 422 2847 493 2914; x_wconf 88' lang='lat' dir='ltr'>Hoc</span> <span class='ocrx_word' id='word_1_126' title='bbox 515 2844 639 2935; x_wconf 90' lang='lat' dir='ltr'>posito,</span> <span class='ocrx_word' id='word_1_127' title='bbox 663 2842 842 2913; x_wconf 86' lang='lat' dir='ltr'>exordium</span> <span class='ocrx_word' id='word_1_128' title='bbox 873 2841 953 2910; x_wconf 89' lang='lat' dir='ltr'>inde</span> <span class='ocrx_word' id='word_1_129' title='bbox 985 2861 1176 2925; x_wconf 89' lang='lat' dir='ltr'>sumemus,</span> <span class='ocrx_word' id='word_1_130' title='bbox 1207 2840 1301 2930; x_wconf 91' lang='lat' dir='ltr'>quod</span> <span class='ocrx_word' id='word_1_131' title='bbox 1333 2862 1450 2909; x_wconf 89' lang='lat' dir='ltr'>omnes</span> 
     </span>
     <span class='ocr_line' id='line_1_21' title="bbox 370 2963 1440 3059; baseline -0.007 -18"><span class='ocrx_word' id='word_1_132' title='bbox 370 2972 442 3043; x_wconf 87' lang='lat' dir='ltr'>iere</span> <span class='ocrx_word' id='word_1_133' title='bbox 461 2970 641 3059; x_wconf 89' lang='lat' dir='ltr'>scriptores</span> <span class='ocrx_word' id='word_1_134' title='bbox 661 2968 815 3057; x_wconf 88' lang='lat' dir='ltr'>Spartam</span> <span class='ocrx_word' id='word_1_135' title='bbox 834 2964 892 3033; x_wconf 90' lang='lat' dir='ltr'>diu</span> <span class='ocrx_word' id='word_1_136' title='bbox 911 2964 1070 3033; x_wconf 90' lang='lat' dir='ltr'>ciuilibus</span> <span class='ocrx_word' id='word_1_137' title='bbox 1088 2963 1239 3032; x_wconf 88' lang='lat' dir='ltr'>motibus</span> <span class='ocrx_word' id='word_1_138' title='bbox 1258 2964 1440 3050; x_wconf 89' lang='lat' dir='ltr'>turhatam,</span> 
     </span>
    </p>
   </div>
   <div class='ocr_carea' id='block_1_5' title="bbox 371 3083 1545 3188">
    <p class='ocr_par' dir='ltr' id='par_1_8' title="bbox 371 3083 1545 3188">
     <span class='ocr_line' id='line_1_22' title="bbox 371 3083 1545 3188; baseline -0.014 -18"><span class='ocrx_word' id='word_1_139' title='bbox 371 3100 414 3170; x_wconf 91' lang='lat' dir='ltr'>ad</span> <span class='ocrx_word' id='word_1_140' title='bbox 430 3116 551 3188; x_wconf 90' lang='lat' dir='ltr'>pacem</span> <span class='ocrx_word' id='word_1_141' title='bbox 565 3099 599 3164; x_wconf 88' lang='lat' dir='ltr'>et</span> <span class='ocrx_word' id='word_1_142' title='bbox 616 3092 705 3162; x_wconf 90' lang='lat' dir='ltr'>hene</span> <span class='ocrx_word' id='word_1_143' title='bbox 724 3090 949 3181; x_wconf 89' lang='lat' dir='ltr'>compositam</span> <span class='ocrx_word' id='word_1_144' title='bbox 975 3089 1171 3178; x_wconf 79' lang='lat' dir='ltr'>reipublicae</span> <span class='ocrx_word' id='word_1_145' title='bbox 1195 3089 1356 3175; x_wconf 85' lang='lat' dir='ltr'>formam,</span> <span class='ocrx_word' id='word_1_146' title='bbox 1379 3091 1445 3180; x_wconf 81' lang='lat' dir='ltr'>Ly·</span> <span class='ocrx_word' id='word_1_147' title='bbox 1544 3083 1545 3106; x_wconf 66' lang='lat'>³</span> 
     </span>
    </p>
   </div>
   <div class='ocr_carea' id='block_1_6' title="bbox 370 3217 1447 3315">
    <p class='ocr_par' dir='ltr' id='par_1_9' title="bbox 370 3217 1447 3315">
     <span class='ocr_line' id='line_1_23' title="bbox 370 3217 1447 3315; baseline -0.01 -19"><span class='ocrx_word' id='word_1_148' title='bbox 370 3226 466 3315; x_wconf 83' lang='lat' dir='ltr'>ourgi</span> <span class='ocrx_word' id='word_1_149' title='bbox 485 3228 593 3307; x_wconf 85' lang='lat' dir='ltr'>aetate,</span> <span class='ocrx_word' id='word_1_150' title='bbox 625 3218 763 3289; x_wconf 90' lang='lat' dir='ltr'>tandem</span> <span class='ocrx_word' id='word_1_151' title='bbox 789 3217 965 3287; x_wconf 86' lang='lat' dir='ltr'>reductam</span> <span class='ocrx_word' id='word_1_152' title='bbox 993 3237 1069 3286; x_wconf 89' lang='lat' dir='ltr'>esse</span> <span class='ocrx_word' id='word_1_153' title='bbox 1100 3224 1311 3286; x_wconf 82' lang='lat' dir='ltr'>assederant.</span> <span class='ocrx_word' id='word_1_154' title='bbox 1341 3219 1381 3286; x_wconf 93' lang='lat' dir='ltr'>In</span> <span class='ocrx_word' id='word_1_155' title='bbox 1409 3240 1447 3287; x_wconf 93' lang='lat' dir='ltr'>eo</span> 
     </span>
    </p>
   </div>
   <div class='ocr_carea' id='block_1_7' title="bbox 302 3342 1447 3557">
    <p class='ocr_par' dir='ltr' id='par_1_10' title="bbox 302 3342 1447 3557">
     <span class='ocr_line' id='line_1_24' title="bbox 302 3342 1447 3446; baseline -0.015 -18"><span class='ocrx_word' id='word_1_156' title='bbox 302 3440 305 3446; x_wconf 39' lang='grc'>,</span> <span class='ocrx_word' id='word_1_157' title='bbox 371 3351 561 3425; x_wconf 90' lang='lat' dir='ltr'>consentire</span> <span class='ocrx_word' id='word_1_158' title='bbox 581 3352 702 3417; x_wconf 84' lang='lat' dir='ltr'>cuncta</span> <span class='ocrx_word' id='word_1_159' title='bbox 718 3344 914 3415; x_wconf 88' lang='lat' dir='ltr'>testimonia</span> <span class='ocrx_word' id='word_1_160' title='bbox 931 3345 990 3412; x_wconf 88' lang='lat' dir='ltr'>uix</span> <span class='ocrx_word' id='word_1_161' title='bbox 1019 3349 1070 3412; x_wconf 88' lang='lat' dir='ltr'>ast</span> <span class='ocrx_word' id='word_1_162' title='bbox 1096 3363 1183 3432; x_wconf 91' lang='lat' dir='ltr'>opus</span> <span class='ocrx_word' id='word_1_163' title='bbox 1203 3342 1329 3428; x_wconf 90' lang='lat' dir='ltr'>dicere,</span> <span class='ocrx_word' id='word_1_164' title='bbox 1359 3344 1447 3435; x_wconf 87' lang='lat' dir='ltr'>quod</span> 
     </span>
     <span class='ocr_line' id='line_1_25' title="bbox 369 3465 1439 3557; baseline -0.009 -9"><span class='ocrx_word' id='word_1_165' title='bbox 369 3478 499 3548; x_wconf 87' lang='lat' dir='ltr'>notauit</span> <span class='ocrx_word' id='word_1_166' title='bbox 517 3479 557 3545; x_wconf 93' lang='lat' dir='ltr'>H.</span> <span class='ocrx_word' id='word_1_167' title='bbox 587 3467 725 3543; x_wconf 78' lang='lat' dir='ltr'>Bozio².</span> <span class='ocrx_word' id='word_1_168' title='bbox 748 3470 836 3538; x_wconf 89' lang='lat' dir='ltr'>Nam</span> <span class='ocrx_word' id='word_1_169' title='bbox 851 3473 884 3536; x_wconf 91' lang='lat' dir='ltr'>et</span> <span class='ocrx_word' id='word_1_170' title='bbox 902 3465 1114 3537; x_wconf 85' lang='lat' dir='ltr'>Herodotus³</span> <span class='ocrx_word' id='word_1_171' title='bbox 1138 3474 1172 3536; x_wconf 88' lang='lat' dir='ltr'>et</span> <span class='ocrx_word' id='word_1_172' title='bbox 1189 3466 1439 3557; x_wconf 63' lang='lat' dir='ltr'>Thucydidesl,</span> 
     </span>
    </p>
   </div>
   <div class='ocr_carea' id='block_1_8' title="bbox 409 3739 1066 4141">
    <p class='ocr_par' dir='ltr' id='par_1_11' title="bbox 410 3739 1066 4029">
     <span class='ocr_line' id='line_1_26' title="bbox 411 3739 808 3821; baseline -0.02 -13"><span class='ocrx_word' id='word_1_173' title='bbox 411 3760 417 3785; x_wconf 86' lang='lat'><strong>¹</strong></span> <span class='ocrx_word' id='word_1_174' title='bbox 446 3744 493 3809; x_wconf 83' lang='lat' dir='ltr'>Oi.</span> <span class='ocrx_word' id='word_1_175' title='bbox 511 3760 591 3821; x_wconf 83' lang='lat' dir='ltr'>sup,</span> <span class='ocrx_word' id='word_1_176' title='bbox 617 3759 683 3821; x_wconf 84' lang='lat' dir='ltr'>pag.</span> <span class='ocrx_word' id='word_1_177' title='bbox 701 3739 808 3802; x_wconf 78' lang='lat'><strong>29-30.</strong></span> 
     </span>
     <span class='ocr_line' id='line_1_27' title="bbox 410 3844 1066 3926; baseline -0.008 -15"><span class='ocrx_word' id='word_1_178' title='bbox 410 3850 422 3887; x_wconf 72' lang='lat'>²</span> <span class='ocrx_word' id='word_1_179' title='bbox 442 3851 480 3911; x_wconf 83' lang='lat' dir='ltr'>ll.</span> <span class='ocrx_word' id='word_1_180' title='bbox 496 3849 607 3922; x_wconf 83' lang='lat' dir='ltr'>Bozto,</span> <span class='ocrx_word' id='word_1_181' title='bbox 629 3848 676 3908; x_wconf 90' lang='lat' dir='ltr'>De</span> <span class='ocrx_word' id='word_1_182' title='bbox 692 3847 840 3926; x_wconf 78' lang='lat' dir='ltr'>Lycurgo,</span> <span class='ocrx_word' id='word_1_183' title='bbox 864 3863 929 3926; x_wconf 83' lang='lat' dir='ltr'>pag.</span> <span class='ocrx_word' id='word_1_184' title='bbox 946 3844 998 3920; x_wconf 81' lang='lat'>66,</span> <span class='ocrx_word' id='word_1_185' title='bbox 1016 3844 1066 3906; x_wconf 85' lang='grc'>67.</span> 
     </span>
     <span class='ocr_line' id='line_1_28' title="bbox 410 3952 685 4029; baseline -0.004 -14"><span class='ocrx_word' id='word_1_186' title='bbox 410 3956 422 3994; x_wconf 81' lang='lat'>³</span> <span class='ocrx_word' id='word_1_187' title='bbox 445 3956 567 4029; x_wconf 68' lang='lat' dir='ltr'>Herod,</span> <span class='ocrx_word' id='word_1_188' title='bbox 591 3955 618 4029; x_wconf 95' lang='lat' dir='ltr'>I,</span> <span class='ocrx_word' id='word_1_189' title='bbox 635 3952 685 4015; x_wconf 81' lang='lat'>65.</span> 
     </span>
    </p>

    <p class='ocr_par' dir='ltr' id='par_1_12' title="bbox 409 4063 711 4141">
     <span class='ocr_line' id='line_1_29' title="bbox 409 4063 711 4141; baseline 0 -16"><span class='ocrx_word' id='word_1_190' title='bbox 409 4068 423 4102; x_wconf 84' lang='lat'><strong>⁴</strong></span> <span class='ocrx_word' id='word_1_191' title='bbox 447 4064 593 4141; x_wconf 70' lang='lat' dir='ltr'>Thuopd,</span> <span class='ocrx_word' id='word_1_192' title='bbox 618 4063 643 4137; x_wconf 90' lang='lat'>1,</span> <span class='ocrx_word' id='word_1_193' title='bbox 663 4064 711 4125; x_wconf 85' lang='lat'>18.</span> 
     </span>
    </p>
   </div>
   <div class='ocr_carea' id='block_1_9' title="bbox 0 0 1584 5059">
    <p class='ocr_par' dir='ltr' id='par_1_13' title="bbox 0 0 1584 5059">
     <span class='ocr_line' id='line_1_30' title="bbox 0 0 1584 5059; baseline 0 7"><span class='ocrx_word' id='word_1_194' title='bbox 0 0 1584 5059; x_wconf 95' lang='lat' dir='ltr'> </span> 
     </span>
    </p>
   </div>
  </div>
 </body>
</html>
