3159 5059
855 460 1013 523 ..55-

382 601 536 671 sionibus
567 602 762 691 impositam
789 602 1029 671 essedorum
1057 601 1151 670 enim
1170 601 1359 671 ministerio
1388 608 1457 671 sta·

379 726 475 796 hilita
487 733 539 797 est
553 725 741 795 dominatio
761 746 962 816 paucorum.

427 852 470 920 Ut
483 852 586 921 uenia
605 850 746 920 concedi
769 851 877 940 possit
892 850 974 918 huic
993 850 1182 935 sententiae,
1209 872 1286 949 quae
1304 852 1458 941 pluribus

379 976 614 1067 explicabitur,
642 995 784 1045 necesse
817 981 868 1045 est
897 976 1096 1045 meminisse
1123 978 1275 1066 primum
1302 978 1388 1045 nihil
1416 978 1457 1046 ad
1548 1033 1549 1060 ,

378 1100 594 1171 enodandam
622 1102 723 1191 plane
752 1102 961 1190 ephororum
993 1100 1162 1189 originem
1189 1102 1356 1191 prolicere
1383 1123 1457 1192 qua

378 1232 534 1295 recentes
554 1224 764 1315 antiquitatis
793 1226 995 1315 interpretes
1023 1231 1319 1315 exprompserunt,
1341 1248 1457 1297 secum
1548 1283 1549 1314 ,

377 1372 462 1420 uero
490 1357 549 1420 aut
578 1371 657 1420 oum
683 1351 889 1420 testimoniis
918 1349 1124 1441 quibusdam
1151 1359 1311 1421 ueterum
1337 1354 1456 1424 eadem

377 1500 529 1569 pugnare
544 1503 552 1565 ς
567 1478 690 1548 deinde
705 1479 802 1547 nulla
815 1483 947 1547 exstare
964 1476 1006 1546 de
1019 1479 1130 1567 primo
1144 1479 1353 1569 ephororum
1364 1502 1455 1551 exor-
1548 1483 1549 1572 J

377 1605 433 1674 dio
453 1603 670 1688 documenta,
692 1603 758 1671 nisi
785 1602 873 1672 inter
900 1622 938 1671 se
957 1600 1168 1671 dissidentia.
1201 1604 1453 1693 Desperandam
1548 1599 1549 1602 ’

376 1729 477 1819 igitur
508 1730 647 1798 omnino
676 1733 710 1796 et
741 1727 777 1795 in
806 1726 919 1797 medio
947 1727 1208 1815 relinquendam
1228 1730 1451 1818 questionem
1548 1783 1549 1788 ,

248 1893 250 1897 <
375 1859 519 1938 constat,
532 1854 561 1922 si
577 1859 732 1923 accurata
746 1857 779 1921 et
789 1853 890 1921 certis
902 1852 1107 1922 testimoniis
1117 1852 1318 1922 confirmata
1325 1856 1451 1924 ratione

375 1979 418 2048 ad
431 1999 507 2049 eam
525 1976 761 2068 explicandam
785 1975 952 2046 utendum
981 1982 1044 2045 est.
1080 1976 1197 2066 ltaque
1217 1978 1397 2047 remissius
1420 1979 1452 2045 in

375 2123 415 2174 ea
433 2123 543 2191 genus
557 2099 740 2190 indagandi
754 2094 788 2170 et
808 2100 852 2169 ad
871 2120 994 2170 uerum
1015 2119 1118 2188 quam
1138 2101 1294 2188 proxime
1310 2100 1452 2170 adducta

375 2227 550 2298 conclusio
566 2226 648 2294 satis
662 2224 782 2293 haberi
798 2223 935 2294 debent.
1230 2212 1235 2222 ’

423 2353 507 2420 Cum
535 2355 649 2419 autem
680 2348 938 2438 Theopompum
957 2352 1053 2417 aetate
1075 2348 1312 2448 antecessisse,
1344 2370 1451 2419 neca

373 2498 454 2567 rege
473 2477 544 2545 ullo
555 2474 748 2543 institutum
765 2492 842 2543 esse
857 2454 1065 2563 ephororum
1073 2493 1199 2541 munus
1209 2474 1378 2542 nonnulla
1391 2493 1450 2542 nos

373 2603 571 2694 impulerint
597 2606 635 2669 ut
654 2598 909 2684 crederemus¹,
932 2605 1037 2669 restat
1055 2605 1093 2667 ut
1112 2620 1179 2688 quo
1210 2600 1345 2668 circiter
1364 2606 1449 2669 tem-

372 2751 454 2821 pore
478 2733 644 2820 potestate
672 2746 735 2795 sua
754 2726 937 2814 collegium
956 2725 1005 2793 uti
1034 2724 1211 2814 inceperit,
1244 2746 1445 2814 quaramus.

422 2855 494 2923 Hoc
516 2853 639 2943 posito,
663 2850 843 2922 exordium
873 2849 953 2917 inde
986 2868 1177 2932 sumemus,
1208 2848 1300 2938 quod
1334 2869 1449 2917 omnes

370 2981 442 3051 iere
461 2979 642 3067 scriptores
661 2976 815 3065 Spartam
834 2972 894 3040 diu
911 2972 1071 3041 ciuilibus
1089 2971 1240 3040 motibus
1258 2972 1439 3056 turhatam,
1546 2963 1547 2968 ’

372 3108 414 3177 ad
432 3123 551 3197 pacem
565 3108 599 3171 et
616 3100 705 3170 hene
724 3099 949 3189 compositam
975 3097 1172 3186 reipublice
1195 3096 1356 3183 formam,
1378 3100 1444 3187 Ly-

371 3234 467 3323 curgi
485 3235 594 3315 atate,
625 3227 764 3297 tandem
789 3225 966 3294 reductam
993 3245 1069 3294 esse
1101 3231 1311 3294 asseuerant.
1342 3227 1381 3293 ln
1408 3246 1446 3294 eo

372 3359 562 3434 consentire
581 3359 703 3424 cuncta
719 3353 914 3422 testimonia
931 3353 990 3421 uix
1019 3357 1071 3421 est
1096 3372 1183 3440 opus
1204 3350 1330 3436 dicere,
1359 3351 1446 3443 quod
1545 3379 1546 3418 t

370 3486 500 3557 notauit
518 3488 557 3552 H.
588 3475 726 3549 Bozta².
749 3478 837 3545 Nam
851 3481 884 3545 et
902 3473 1115 3545 Herodotus⁸
1138 3482 1172 3545 et
1190 3473 1439 3566 Thucydidesl,

412 3768 418 3793 ¹
446 3752 494 3815 Ol.
512 3768 592 3829 sup,
617 3767 684 3829 pag.
702 3746 809 3809 29-30.

410 3858 423 3895 ²
443 3859 481 3919 H.
497 3857 607 3929 Baria,
631 3856 677 3917 De
692 3856 840 3934 Lycurgo,
864 3872 930 3936 pag.
946 3852 998 3928 tt,
1015 3851 1066 3915 67.

410 3964 423 4003 ³
446 3964 568 4037 Herod,
592 3963 619 4038 I,
636 3960 686 4023 65.

410 4076 423 4110 ⁴
448 4072 594 4150 Tharpd,
619 4071 644 4145 l,
664 4071 712 4133 ts.
