3159 5059
605 448 784 511 -101-

143 586 337 677 speculatos
365 605 441 655 esse
473 585 572 655 docet
599 586 693 654 Plato
712 585 767 653 his
796 582 936 654 uerbis:
962 584 1062 661 otr'atr
1082 582 1230 683 bt‘atypov

139 716 210 795 ἴδοις
225 718 319 787 οὔτ’ἑν
344 726 461 786 ἄστεσιν
488 715 562 785 ὅσων
587 720 783 807 Σπαρτιάταις
806 715 884 807 pilot
909 712 1230 808 wpntcuolt'tutca

140 842 253 922 τούτοις
271 837 479 937 ξονιπόρεοαξ
501 860 577 929 quae
595 846 709 907 autam
729 858 867 907 morum
886 858 968 906 cura
986 838 1125 927 ephoris
1144 860 1230 907 con-

141 968 308 1057 tingebat.
331 968 484 1056 Denique
506 986 587 1033 cum
604 964 731 1032 tributa
746 962 969 1032 conferebant
987 959 1152 1053 perioeci'
1166 968 1228 1032 mi-

141 1094 290 1183 litesque
317 1093 501 1181 imperatos
529 1086 690 1173 dabant³,
713 1107 856 1157 necesse
883 1093 957 1157 erat
984 1088 1063 1157 illos
1090 1088 1230 1179 ephoris

45 1284 48 1291 .
142 1237 277 1309 parere,
291 1216 453 1306 quoniam
468 1215 556 1284 inter
565 1215 690 1282 horum
700 1210 965 1301 magistratuum
978 1212 1108 1296 munia,
1119 1212 1229 1282 aerarii

142 1341 273 1431 publici
292 1346 325 1409 et
352 1340 573 1428 uectigalium
598 1336 847 1407 administratio
871 1336 1131 1407 adnumeranda
1153 1358 1229 1409 esse

143 1466 317 1555 uidetur⁴,
338 1472 372 1535 et
391 1467 539 1534 milltum
554 1465 715 1534 dilectum
730 1483 838 1554 penes
852 1484 913 1533 cos
927 1463 1035 1535 luisse
1054 1486 1159 1557 supra
1172 1465 1228 1535 dc·

142 1599 370 1662 monstratum
385 1588 471 1661 est⁵.
495 1591 609 1659 Latius
627 1590 730 1659 etlam
749 1588 785 1657 in
803 1588 971 1677 pcrioecos
990 1590 1100 1680 patuit
1118 1591 1229 1679 epho-

142 1739 263 1786 rorum
276 1722 427 1807 potestas
441 1716 470 1784 si
483 1714 656 1784 credImus
670 1714 810 1783 Isocrati
826 1713 885 1802 qui
900 1712 1063 1804 decapite
1080 1714 1230 1785 hominis

143 1842 385 1912 lacedaemonii
409 1842 556 1930 ephoros
572 1838 615 1909 ad
630 1838 809 1908 arbitrium
824 1858 927 1908 suum
943 1838 1112 1910 iudicasse
1132 1840 1232 1911 docet

23 2066 24 2069 Ἴ
142 1966 178 2033 in
196 1965 459 2049 Panathenaico,
481 1985 555 2054 cap.
579 1963 641 2032 181
660 1986 666 2031 :
684 1977 742 2037 τῶν
760 1970 820 2058 γὰρ
838 1962 915 2036 οὕτω
932 1966 985 2057 μὲν
999 1966 1029 2048 ἐξ
1042 1974 1139 2060 appla
1153 1966 1231 2039 διοιὶ

142 2094 410 2177 reinchoent&
419 2106 476 2173 τοῖς
484 2100 607 2187 παροῦσι
618 2104 725 2185 καιρόις
734 2096 885 2185 χρησίμοιν
894 2100 982 2163 ὄντων
992 2090 1061 2181 (τῶν
1070 2088 1230 2188 περιοίκων)

139 2219 233 2300 ἔξεστι
263 2232 319 2297 τοῖς
349 2217 456 2311 ἐφόροις
497 2223 632 2311 ἀκρίτους
661 2223 826 2288 ἀποκτεῖναι
864 2213 1014 2297 tocnitona
1045 2216 1167 2300 ὅπῦσους
1195 2223 1232 2289 ἂν

141 2346 334 2433 βουληθῶσιν.
370 2342 503 2411 Scimus
530 2342 599 2409 iam
629 2361 688 2411 eos
708 2360 788 2409 cum
819 2340 862 2410 de
890 2340 1025 2410 ciuibus
1057 2347 1227 2430 ageretur.

143 2469 264 2558 capitis
276 2487 435 2536 accusare
449 2467 613 2557 potuisse,
631 2486 702 2535 non
717 2465 895 2551 damnare,
913 2464 1006 2557 quod
1021 2466 1075 2536 ins
1090 2473 1229 2537 senatus

145 2595 240 2663 solus
264 2592 413 2661 habebat
426 2589 451 2659 ⁶.

195 2718 278 2787 Inde
305 2717 431 2786 iudicia
445 2716 487 2786 de
516 2716 676 2785 maximis
695 2715 800 2786 rebus
820 2716 1002 2807 causisque
1030 2716 1231 2807 capitalibus

145 2844 283 2935 ephoris
310 2842 478 2931 permissa
495 2841 602 2911 luisse
628 2840 664 2908 in
685 2841 853 2931 perioecos
873 2839 1053 2911 arbitretur
1075 2842 1132 2931 qui
1160 2864 1231 2913 non

145 2938 415 3039 consideraucrit
429 2966 570 3035 unicum
589 2985 665 3035 essa
684 2965 843 3035 IsocratiS
858 2966 1092 3036 testimonium
1106 2973 1140 3037 et
1152 2988 1231 3037 ora·

144 3094 210 3163 tori
228 3090 427 3160 Atheniensi
451 3088 562 3159 studio
587 3089 729 3159 forsitan
748 3089 854 3159 luisse
870 3095 938 3160 utu
959 3090 1229 3163 Lacedaemonio-

187 3332 197 3366 ¹
221 3326 316 3400 Plan,
334 3324 421 3403 Lag,
438 3324 464 3399 Ι,
483 3341 547 3403 pag.
566 3322 625 3387 637
641 3301 678 3385 Β.

184 3433 197 3470 ²
217 3432 438 3507 Strab.‚V111‚
455 3430 485 3504 5,
504 3448 567 3509 pag.
585 3430 657 3493 365.
687 3435 816 3493 heracleis
830 3442 863 3515 τῇ
877 3436 995 3515 Σπάρτῃ.

184 3544 195 3577 ¹
223 3539 370 3617 Thucyd„
387 3538 444 3612 IV,
464 3537 499 3599 18
515 3558 522 3611 ;
545 3538 669 3613 Herod,
686 3538 759 3613 Vll,
776 3535 847 3601 234.

186 3642 200 3681 ⁴
220 3645 316 3716 Ptol„
335 3640 479 3723 bysand„
499 3640 546 3705 16.
570 3642 670 3717 Diod,
688 3642 777 3718 XIII,
797 3640 870 3705 106.

185 3755 198 3791 ⁸
219 3750 266 3815 CI.
284 3770 365 3831 sup..
383 3770 448 3831 pag.
465 3751 504 3813 92
522 3770 584 3832 sqq.

183 3862 196 3897 ⁰
217 3859 362 3939 decepta,
375 3858 421 3921 De
431 3860 476 3921 Ro
488 3858 569 3936 publ.
584 3858 705 3935 bared„
719 3856 765 3935 lo,
782 3857 857 3940 Ill,
871 3856 915 3940 lot
934 3862 1234 3944 :actgyalptnmtpyoc

145 3975 203 4039 τοὺς
216 3972 333 4051 ’ρι’ροιιτας
346 3974 445 4049 κυρίους
460 3978 505 4030 τοῦ
517 3976 575 4051 περὶ
588 3979 634 4037 τῆς
646 3972 732 4049 ψυχῆς
747 3977 854 4051 ἀγῶνος.

145 4094 149 4103 ’
188 4078 235 4147 ct
253 4077 396 4153 Scbaser,
412 4077 458 4139 De
473 4077 593 4159 llphor.
605 4076 775 4141 Lacedaem.
791 4082 965 4153 comment,
982 4093 1047 4158 pag.
1066 4074 1096 4139 8.
