3159 5059
811 482 991 545 -100-

374 626 560 691 extremam
579 620 730 709 inopiam
754 618 1004 690 adduceretur?
1029 620 1240 711 Quapropter
1267 620 1454 692 ditissimos
1547 626 1551 637 ‘

374 766 477 837 saepe,
495 766 574 815 cum
584 746 716 815 multati
736 751 863 831 essent,
885 747 998 814 solum
1013 746 1158 815 uertisse
1173 746 1345 815 uidemus.
1364 740 1369 749 ’
1408 828 1412 837 ,

422 868 518 939 Adde
538 868 631 958 quod
658 866 861 958 inspiciendi
884 868 1101 957 syssitiorum
1115 869 1296 958 participes
1314 868 1455 938 facultas

373 996 510 1085 ephoris
525 993 736 1063 tribuebatur
749 995 825 1082 lege
841 999 874 1063 et
889 1013 988 1082 reges
1003 994 1068 1083 ipsi
1082 995 1245 1084 peculiari
1260 1015 1332 1063 suae
1349 1011 1454 1077 cena,

374 1140 452 1188 cum
478 1120 604 1209 Spartae
632 1124 848 1187 morarentur
875 1117 917 1187 ab
946 1119 997 1221 eis
1022 1119 1231 1207 cogebantur
1260 1118 1396 1188 adesse.
1418 1120 1458 1188 Vt

374 1244 515 1313 obsonia
535 1241 691 1333 quadam
710 1242 901 1332 praeberent
916 1243 1041 1311 diuites
1062 1242 1103 1311 ab
1124 1244 1263 1333 ephoris
1292 1243 1458 1312 condem-

374 1370 443 1437 nati
457 1389 533 1437 esse
554 1367 750 1438 uidentur¹.
770 1369 853 1439 Inde
873 1370 988 1457 igitur,
1014 1390 1214 1460 quanquam
1234 1370 1365 1439 scimus
1384 1390 1458 1459 sys-

375 1492 461 1560 sitiis
474 1492 648 1560 uniuersis
665 1492 903 1581 polemarchos
925 1492 1104 1582 praefectos
1124 1492 1246 1577 fuisse,
1268 1493 1457 1562 custodiam

376 1615 559 1705 quamdam
583 1616 686 1684 huius
713 1619 840 1687 ueteris
864 1618 1126 1687 consuetudinis
1155 1618 1272 1688 adres
1295 1620 1457 1689 militares

375 1742 411 1808 in
430 1741 551 1830 primis
566 1742 749 1831 spectantis
770 1743 908 1832 ephoris
928 1744 1124 1813 mandatam
1141 1764 1217 1813 esse
1232 1752 1385 1834 apparet.
1400 1799 1403 1803 ι
1487 1802 1491 1809 .

424 1962 504 2039 Qum
535 1964 610 2031 iura
636 1963 673 2029 in
701 1963 884 2052 Spartanos
917 1964 1013 2031 ciues
1040 1962 1257 2046 exercebant,
1279 1963 1402 2033 eadem
1425 1966 1458 2032 in

375 2090 508 2155 ceteros
528 2085 819 2168 Lacedaemonios‚
844 2084 952 2153 idest
982 2085 1165 2174 perioecos,
1189 2085 1338 2174 ephoros
1372 2086 1458 2154 obti-

374 2210 491 2279 nuisse
507 2210 772 2279 existimandum
782 2214 847 2292 est,
857 2207 971 2299 neque
986 2214 1102 2279 tamen
1113 2230 1174 2299 pro
1189 2215 1279 2279 certo
1289 2209 1454 2278 affirman-
1493 2255 1497 2261 ·

376 2334 471 2419 dum,
492 2336 654 2425 quoniam
667 2336 763 2403 nulla
778 2340 964 2423 supersunt
973 2335 1173 2403 testimonia
1181 2332 1273 2403 uude
1282 2336 1455 2403 conctusio

376 2480 417 2529 ea
436 2466 586 2529 eruatur.
609 2460 649 2527 Et
666 2459 709 2527 ob
730 2480 807 2527 eam
825 2478 965 2527 eausam
985 2459 1142 2530 conicere
1163 2459 1271 2548 potuit
1290 2459 1328 2526 O.
1348 2460 1455 2529 Muel-

375 2582 489 2654 lerus2
509 2586 689 2675 perioeeos,
719 2604 789 2652 non
814 2583 881 2651 nisi
906 2604 986 2650 cum
1016 2582 1259 2651 Lacedaemone
1280 2582 1452 2666 adessent,

377 2711 584 2801 ephororum
616 2709 741 2779 iudicio
776 2709 949 2779 subiectos
969 2708 1087 2777 fuisse.
1111 2709 1270 2778 Ceterum
1295 2710 1456 2777 nouimus

376 2836 604 2926 perioecorum
632 2833 832 2922 regionibus
865 2833 1085 2923 magistratus
1111 2838 1145 2901 et
1177 2823 1415 2922 procuratores
1439 2855 1458 2901 a

378 2963 550 3053 Spartanis
570 2961 747 3050 impositos
772 2980 848 3029 esse
867 2961 926 3049 qui
946 2956 1168 3049 praeessent
1191 2958 1258 3028 Sed
1281 2960 1368 3027 iuris
1385 2959 1456 3027 dic-

375 3090 467 3159 tione
482 3086 630 3178 quadam
651 3106 711 3155 eos
730 3086 913 3182 instructos
932 3106 1008 3158 esse
1028 3105 1047 3153 e
1065 3084 1204 3153 nomine
1223 3086 1453 3173 procuratoris

378 3216 412 3282 in
432 3214 611 3303 Cytheram
630 3212 778 3279 insulam
793 3211 974 3300 quotannis
989 3210 1098 3292 missi,
1121 3213 1321 3305 Κυθηροδίκου
1342 3211 1418 3280 dico
1431 3208 1455 3293 ⁴,

378 3336 539 3425 colligere
557 3335 648 3403 licet.
666 3334 714 3401 Ea
733 3340 848 3402 autem
867 3354 944 3423 quae
964 3331 1007 3400 ad
1025 3334 1109 3401 iuris
1125 3332 1309 3402 dictionem
1323 3340 1458 3423 specta-

377 3464 459 3531 hant
488 3483 529 3533 ex
561 3460 769 3549 ephororum
799 3457 937 3526 arbitrio
965 3457 1169 3547 pependisse
1203 3459 1285 3526 satis
1314 3464 1412 3528 const
1432 3465 1454 3526 t.

377 3589 542 3657 Praeterea
582 3604 695 3653 mores
737 3583 965 3673 perioecorum
1015 3587 1193 3670 spartanos
1241 3583 1461 3671 magistratus
1523 3608 1527 3618 ·

417 3796 426 3833 ⁴
450 3799 655 3872 Btetchowstt,
674 3800 718 3859 De
736 3798 875 3877 Spartan.
893 3796 1006 3875 syssit„
1026 3812 1089 3875 pag.
1105 3794 1143 3856 20
1160 3812 1226 3875 sqq.
1396 3766 1405 3782 ’

418 3910 510 3970 ²uu
525 3884 641 3979 uiues,
659 3906 702 3979 u,
723 3904 779 3966 115
795 3920 858 3982 sqq.
954 3988 959 3993 .
1267 3886 1270 3891 ’
1309 3883 1315 3890 “

418 4015 431 4052 ³
453 4014 552 4077 Schol.
565 4014 655 4075 Ptud.
667 4010 863 4092 Olymp.‚VI,
879 4007 945 4082 154,
959 4008 1009 4071 ubi
1022 4009 1190 4069 Hermesta
1201 4007 1458 4069 illinominantur.

420 4124 434 4163 ⁴
459 4125 605 4205 Thuch„
622 4123 678 4195 IV,
696 4121 746 4183 53.
1162 4097 1166 4107 ’
