3159 5059
588 466 747 531 ..59.·⁴

130 603 327 673 ciuitatibus
347 614 535 675 euenerunt
545 607 725 677 adcertum
740 628 867 677 annum
879 609 1003 680 referre
1017 608 1207 701 legitimum

131 736 185 798 est
207 756 214 817 ;
236 731 272 797 in
296 736 452 820 spartana
472 732 614 800 historia
638 732 728 802 idem
757 734 831 802 fieri
858 736 987 824 nequit.
1010 736 1076 805 Sed
1101 744 1204 821 certe,

132 856 260 944 Spartae
284 876 432 946 quoque,
461 862 535 924 tum
556 858 602 925 ita
630 878 819 927 conuersus
844 880 920 929 esse
936 861 1081 930 ciuitatis
1101 869 1207 931 status

131 980 272 1070 incepit,
297 984 335 1048 ut
353 981 547 1068 grauissimi
575 982 747 1071 scriptoris
766 983 873 1052 uerba
897 1006 1072 1076 usurpem,
1093 1011 1110 1054 u
1128 1008 1207 1057 cum

132 1104 170 1171 in
184 1105 385 1194 prouincias¹
394 1105 544 1174 districte
558 1112 591 1174 et
609 1107 763 1195 pluribus
783 1107 941 1176 mandata
955 1111 1049 1197 regia
1058 1117 1208 1200 potestas

133 1227 219 1297 iuit⁴
246 1254 276 1299 ο.
302 1231 600 1320 Superuacaneum
623 1232 821 1321 ceteroquin
850 1241 941 1302 esset
960 1240 1113 1324 repetere
1133 1259 1209 1325 quae

134 1356 261 1425 eximie
276 1355 367 1446 apud
385 1376 449 1425 nos
465 1364 564 1425 antea
578 1355 808 1425 demonstrate
825 1356 937 1427 sunt².

186 1483 219 1549 Si
234 1502 317 1551 uero
332 1490 463 1551 certum
478 1482 574 1571 quasi
593 1482 684 1551 diem
694 1482 901 1572 ephororum
910 1486 1099 1555 inuentioni
1110 1489 1209 1558 ascri·

132 1607 240 1676 hendi
261 1629 358 1697 spem
377 1608 555 1693 abicimuS,
570 1608 734 1676 atsaltem
748 1609 828 1676 huic
842 1609 878 1675 in
897 1630 937 1679 ea
955 1610 1116 1701 lycurgeo
1133 1635 1208 1703 quae

134 1730 271 1817 dicitur,
296 1732 549 1816 constitutione,
572 1731 687 1799 locum
713 1731 892 1820 adsignare
912 1734 948 1800 in
966 1744 1125 1835 promptu
1141 1745 1206 1820 est,

132 1860 238 1929 modo
252 1878 315 1927 nec
330 1880 397 1927 uno
410 1858 464 1928 die
478 1879 541 1928 nec
556 1856 597 1926 ab
612 1878 682 1926 uno
697 1858 836 1927 homine
846 1880 922 1928 eam
932 1861 1116 1949 perfectam
1134 1884 1210 1933 esso

135 1986 352 2055 arbitremur.

184 2109 273 2187 Quin
307 2108 409 2177 etiam
435 2107 476 2176 ab
505 2106 673 2175 eiusmodi
704 2105 871 2175 sententia
901 2108 993 2176 haud
1019 2116 1089 2178 tam
1108 2112 1209 2202 longo

134 2232 296 2303 abhorret
311 2232 512 2301 Plutarchus
527 2232 600 2321 ipse
620 2230 677 2319 qni
692 2236 820 2315 tamen,
837 2231 880 2299 oh
897 2234 1094 2322 explanatas
1108 2258 1211 2326 supra

133 2379 257 2428 causas
272 2356 299 2443 ³,
321 2359 578 2449 Theopompum
588 2364 625 2425 ut
645 2358 828 2447 ephoratus
842 2359 1052 2429 conditorem
1067 2363 1208 2433 inducit.

130 2452 264 2573 Nempe
289 2483 325 2550 in
350 2503 424 2572 cap.
450 2482 556 2549 XXIX
588 2482 667 2551 uitae
699 2482 857 2571 Lycurgi,
889 2505 967 2552 cum
989 2485 1052 2553 suh
1079 2488 1208 2576 Agidis,

131 2607 330 2675 Archidami
351 2607 411 2674 filii
435 2613 570 2695 tempus
586 2607 764 2675 immutata
783 2628 859 2675 esse
877 2608 1041 2698 lycurgea
1060 2612 1212 2682 instituta

134 2732 247 2819 docet,
263 2732 337 2800 haec
350 2730 442 2801 addit
463 2756 469 2799 :
496 2756 513 2798 «
524 2720 562 2803 Ἠ
582 2738 640 2827 γὰρ
656 2726 712 2805 τῶν
727 2734 835 2827 ἐφόρων
850 2742 1026 2817 κατάστασις
1039 2741 1091 2807 οὐκ
1104 2750 1209 2820 ἄνεσις,

130 2856 345 2938 ἀλλ’ἐπίταστς
363 2872 412 2939 τῆς
431 2862 572 2939 πολιτείας
592 2866 640 2929 καὶ
662 2860 785 2929 δοκοῦσα
806 2864 876 2953 πρὸς
896 2870 946 2933 τοῦ
966 2864 1055 2956 δήμου
1071 2868 1213 2958 γεγονέναι

131 2986 324 3079 σφοδροτέραν
343 2988 454 3061 ἐποίησε
469 2991 519 3060 τὴν
532 2990 765 3080 ἀριστοκρατίαν.

183 3108 225 3176 Et
242 3113 334 3176 recte
348 3106 488 3198 quidem
506 3108 580 3175 haec
594 3107 765 3198 perspexit
783 3108 997 3192 Plutarchus
1010 3130 1088 3179 cum
1103 3111 1210 3181 efon-

133 3230 226 3301 tihus
255 3232 297 3301 ab
321 3232 453 3321 Ephoro
479 3232 708 3315 manantibus,
726 3232 755 3299 si
774 3232 889 3301 miuus
909 3252 950 3301 ex
976 3235 1110 3323 Ephoro
1131 3237 1204 3327 ipso

132 3356 286 3425 hauriret
301 3353 314 3389 ⁴
333 3342 486 3446 :populo
506 3377 585 3425 cum
605 3356 721 3425 fauere
735 3356 911 3425 uideretur
931 3359 1138 3448 ephororum
1152 3363 1207 3429 in-

134 3483 277 3567 stitutio,
301 3482 515 3572 optimatium
532 3484 719 3574 potentiam
743 3482 778 3549 in
797 3483 909 3552 maius
938 3486 1042 3554 auxit.
1071 3488 1210 3556 Summa

174 3668 184 3703 ¹
206 3663 343 3725 Sumner
363 3666 474 3740 Maior,
499 3667 638 3729 L'nncieu
661 3669 737 3731 droit
758 3668 872 3750 (transl.
896 3670 1062 3749 segnitie,
1087 3684 1206 3735 auctore

135 3772 459 3855 Oourcelle-Seneuii),
477 3794 542 3856 pag.
559 3776 617 3839 60:
634 3780 702 3840 «La
715 3782 836 3860 royaute
848 3782 920 3841 mise
931 3798 967 3841 eu
978 3785 1203 3844 commissioni.

174 3886 186 3921 ³
199 3880 302 3943 Fostet
311 3882 346 3941 de
357 3880 535 3959 Goutaoqcs,
550 3885 593 3945 ho
603 3887 657 3947 citt
669 3887 798 3967 antique,
811 3886 870 3948 xl·
880 3886 963 3962 edit,
976 3906 1041 3968 pag.
1054 3888 1200 3953 aaa-287.

175 3990 188 4026 ³
213 3989 260 4051 Oi.
279 4006 358 4069 sup,
377 4007 441 4069 pag.
458 3990 496 4052 29
512 4009 574 4071 sqq.

177 4095 189 4133 ⁴
213 4096 261 4159 Gr.
278 4115 358 4177 sup,
380 4115 443 4178 pag.
461 4096 510 4162 34.
