3159 5059
825 456 865 469 -
886 422 925 485 50
945 456 986 469 —
1045 424 1049 429 ’

361 578 441 627 nem
461 560 681 647 pertinerent,
704 560 843 648 regibus
857 559 1043 629 aduersum
1058 560 1194 629 uidetur
1209 559 1317 629 fuisse
1336 562 1443 630 colle-

363 683 459 771 gium
479 683 698 773 ephororum.
722 684 786 761 Qui
810 685 885 753 fieri
898 684 1009 774 potuit
1029 690 1068 753 ut
1090 685 1165 753 haec
1179 683 1317 753 diuersa
1335 706 1443 769 sacra,

365 829 405 877 ac
426 809 552 899 saepius
571 810 660 879 inter
676 830 713 879 se
732 811 902 880 contraria
920 812 1058 881 oracula
1071 815 1256 895 exstarent,
1277 812 1307 879 si
1320 831 1341 879 3
1353 811 1446 900 regi-

361 932 427 1002 bus
457 954 611 1023 unquam
641 935 740 1005 electi
771 941 806 1005 et
836 936 939 1025 regiae
973 936 1130 1026 potestati
1160 935 1298 1006 obnoxii
1325 936 1445 1027 ephori

360 1058 529 1129 fuissent?
947 1036 951 1045 ’

320 1268 326 1281 .
411 1183 501 1261 Quas
524 1184 567 1252 ob
596 1204 716 1255 causas
739 1206 873 1271 omnes,
900 1207 921 1255 3
947 1187 1044 1256 33113
1077 1206 1158 1275 rege
1185 1188 1339 1257 instituta
1368 1207 1446 1256 esse

365 1309 572 1400 ephororum
592 1330 719 1380 munus
738 1316 771 1379 et
784 1313 967 1401 collegium
988 1311 1203 1381 arbitramur.

411 1486 498 1565 Quid
515 1490 618 1578 igitur
631 1489 850 1559 statuendum
869 1496 920 1559 est
939 1490 981 1558 de
1002 1511 1125 1559 eorum
1144 1491 1301 1578 origine?

409 1670 501 1737 Num
515 1668 556 1737 ab
572 1670 804 1757 optimatibus,
822 1675 860 1738 ut
874 1670 920 1739 ait
933 1670 1100 1755 FrickiuS,
1124 1691 1311 1740 concessus
1328 1678 1380 1739 est
1393 1672 1449 1739 hio

362 1792 579 1881 magistratus
599 1794 721 1883 Minyis
736 1795 795 1883 qui
814 1814 963 1863 romanae
982 1795 1092 1884 plebis
1110 1795 1212 1864 uices
1228 1796 1354 1883 egisse,
1374 1796 1447 1864 eius

363 1917 502 2008 quidem
528 1918 666 2002 iudicio,
689 1917 875 1988 uidentur?
895 1920 955 1987 Cui
975 1921 1150 1989 sententiaa
1173 1922 1309 2009 egregie
1338 1921 1447 2009 expli-

363 2048 446 2112 33133
471 2041 579 2110 multa
606 2048 720 2111 tamen
743 2042 880 2112 obstant
903 2044 987 2133 quin
1011 2044 1199 2113 fouendum
1232 2046 1288 2112 sit.
1310 2045 1399 2112 Nam
1417 2051 1450 2113 et

364 2170 508 2257 Minyas,
527 2173 644 2236 contra
664 2170 826 2239 Herodoti
845 2169 1119 2254 testimonium⁴‚
1142 2171 1269 2260 Spartae
1288 2191 1449 2258 perman-

366 2294 451 2362 sisse
473 2313 515 2363 33
537 2294 601 2362 hac
627 2294 979 2363 coniecturanecesse
997 2294 1097 2379 foret,
1121 2302 1154 2364 et
1178 2294 1320 2364 eosdem
1343 2294 1449 2363 fuisse

366 2424 467 2507 atque
496 2415 730 2505 Parthenias²,
751 2420 849 2488 cuius
878 2419 928 2489 rei
957 2420 1092 2486 nullum
1114 2421 1302 2508 uestigium
1327 2424 1445 2488 exstat.

366 2527 576 2611 aduersatus
590 2543 670 2611 huie
684 2542 897 2612 conclusioni
916 2543 1120 2631 grauissime
1134 2544 1292 2613 Antiochi
1307 2543 1450 2611 auctori·

367 2661 441 2732 tas³
463 2685 540 2755 quae
559 2669 649 2735 recte
669 2686 689 2734 a
706 2666 876 2735 Schaelero
895 2668 1010 2755 magni
1026 2662 1246 2735 aestimatur4.
1274 2668 1337 2745 Qui
1352 2672 1451 2737 uetus

369 2810 450 2859 3333
472 2790 615 2880 scriptor
635 2792 894 2860 Parthenierum
914 2791 1083 2879 originem
1102 2798 1136 2860 et
1149 2791 1219 2859 fata
1236 2796 1363 2860 narrat.
1386 2794 1453 2861 De-

368 2915 474 3005 nique
497 2935 517 2984 3
543 2916 677 2985 Frickio
706 2916 858 3006 positum
883 2921 935 2984 est
962 2915 1005 2983 ad
1028 2916 1106 2985 illos
1128 2917 1287 2985 homines
1308 2917 1454 2986 tuendos

371 3041 544 3130 ephorisa
562 3041 781 3132 Theopompo
801 3041 965 3109 maiorem
985 3043 1187 3129 potestatem
1208 3040 1321 3108 datam
1338 3061 1416 3109 esse
1427 3037 1452 3111 ⁵.

422 3166 536 3234 Multae
551 3167 619 3234 iam
638 3172 675 3233 ut
694 3166 767 3233 haec
788 3165 1003 3253 colligantur,
1025 3165 1228 3233 coniecturae
1248 3163 1456 3233 adducenda

374 3298 454 3361 sunt
464 3294 538 3363 sine
549 3292 620 3361 ullo
630 3291 826 3361 testimonio
838 3313 846 3376 3
860 3290 956 3380 quid,
969 3290 999 3359 si
1010 3292 1132 3379 Minyae
1142 3296 1261 3380 postea
1271 3291 1307 3356 in
1321 3290 1457 3359 ciuitate

414 3522 424 3557 ¹
446 3517 555 3579 Herod.
576 3514 639 3593 dv,
661 3513 735 3591 148),
755 3512 871 3573 tradidit
886 3513 1001 3591 Minyas
1015 3530 1117 3574 omnes
1131 3514 1159 3573 io
1174 3514 1302 3575 Theium
1318 3513 1451 3575 insulam

379 3625 540 3685 transiisse.

416 3730 429 3767 ²
448 3729 551 3804 trica,
573 3730 619 3789 113
635 3728 761 3807 Ephesis
778 3730 926 3807 Spartan,
943 3746 1008 3807 pag.
1025 3727 1076 3789 21.

419 3836 432 3875 ³
454 3838 620 3899 Antiochus
635 3835 711 3914 apud
725 3836 882 3909 Struma,
901 3836 957 3910 Vl,
976 3834 1050 3897 tta.

418 3942 429 3981 ⁴
448 3943 646 4019 0133133133,
659 3944 704 4003 113
718 3943 847 4022 Ephoris
861 3942 1011 4003 lacedaem.
1024 3950 1228 4012 commentat„
1246 3960 1311 4022 pag.
1329 3941 1364 4004 10
1375 3950 1405 4004 et
1416 3943 1461 4005 11.

419 4053 430 4089 ⁸
452 4049 554 4123 Frict,
580 4051 625 4111 De
646 4048 760 4128 Ephor.
780 4048 918 4128 Spartan.
936 4048 1094 4122 dissertat,
1112 4064 1176 4127 pag.
1193 4048 1246 4111 30.
