3159 5059
624 478 663 489 ..
689 444 723 505 13
744 478 783 488 ..

165 591 280 655 autem
309 586 367 673 qui
391 583 615 673 descriptioni
634 583 812 651 ciuitatum
835 579 1002 650 dederunt
1023 600 1163 671 operam
1191 587 1249 649 aut

165 711 260 798 leges
274 728 314 777 ac
332 709 486 777 instituta
514 708 643 796 optima
656 706 862 795 cogitatione
877 705 1061 788 finxerunt,
1079 710 1117 773 ut
1135 725 1248 774 exem·

166 836 231 924 plis
250 832 408 903 homines
434 832 469 899 in
488 832 644 900 ciuilium
660 832 828 899 uirtutum
851 850 917 898 usu
940 828 1126 913 erudirent,
1157 830 1250 898 haud

167 957 274 1024 multo
295 976 394 1025 secus
415 954 680 1024 existimandum
700 960 762 1025 est.
779 954 866 1021 Nam
880 959 913 1021 et
934 973 1053 1021 omncs
1068 959 1145 1041 post
1163 954 1249 1020 mul·

166 1085 218 1148 tos
233 1098 341 1147 annos
352 1078 564 1145 aconstituta
578 1096 614 1145 re
629 1076 766 1166 publica
777 1076 1020 1164 Spartanorum
1039 1074 1246 1158 scribebant,

167 1209 204 1270 ut
236 1222 339 1291 supra
363 1201 523 1286 diximus,
554 1206 599 1285 et,
622 1201 710 1269 inter
724 1221 796 1283 eos
829 1200 885 1268 alii
911 1220 953 1267 ex
970 1199 1112 1268 historia
1131 1219 1250 1268 sume-

167 1326 249 1396 bant
282 1332 482 1415 argumenta
518 1325 643 1415 quibus
672 1325 875 1394 sententiam
899 1345 997 1392 suam
1024 1324 1067 1393 de
1091 1326 1249 1413 praesenti

167 1473 283 1521 rerum
312 1457 401 1519 statu
423 1451 683 1532 confirmarent,
706 1451 775 1533 aiii,
807 1450 954 1518 ciuitatis
978 1450 1137 1539 perfecta
1161 1452 1248 1517 ima-

167 1579 283 1667 ginem
306 1575 561 1659 adumbrantes
575 1574 698 1643 doricae
714 1574 903 1663 disciplinae
929 1577 1095 1645 nonnulla
1114 1577 1247 1645 tribue-

166 1707 247 1771 runt
261 1722 337 1791 quae
358 1701 561 1789 prodessent
590 1700 742 1789 opinioni
763 1722 847 1769 suae.
882 1702 969 1770 Satis
992 1706 1055 1786 est,
1087 1722 1130 1770 ne
1158 1701 1249 1797 ipre

167 1826 367 1916 peruulgata
381 1826 510 1892 multus
530 1824 608 1906 sim,
628 1845 703 1912 quae
723 1844 834 1913 nuper
862 1824 904 1892 de
928 1826 1174 1914 Xenophonteo
1201 1826 1248 1894 Re

165 1951 305 2040 publica
334 1949 671 2017 Lacedaemoniorum
700 1949 893 2018 disserebat
921 1954 961 2021 H.
992 1955 1100 2017 Recio
1127 1949 1248 2019 lauda-

166 2072 274 2143 uisse'
285 2074 469 2142 ‚Eiusdem
481 2074 552 2142 fere
564 2080 654 2141 notae
673 2081 753 2144 sunt
769 2076 947 2157 aPlatone,
966 2076 1145 2144 Aristotele
1159 2076 1247 2144 aliis·

165 2220 232 2290 que
244 2198 288 2267 ad
301 2205 409 2267 artem
419 2199 765 2289 commenticiumque
776 2199 931 2269 ordinem
947 2201 1248 2291 conclusa,quibus

164 2348 257 2395 nuno
271 2325 567 2416 supersedendum
582 2333 646 2395 est,

215 2454 355 2521 Exstant
377 2473 459 2522 vero
483 2454 724 2521 historicorum
748 2453 835 2538 loca,
871 2456 929 2543 qui
956 2457 1092 2545 proprie
1111 2455 1247 2543 Sparta-

166 2599 292 2647 norum
317 2578 451 2665 legibus
480 2598 620 2667 operam
642 2598 789 2647 nauassc
804 2578 1038 2667 perhibentur,
1061 2580 1249 2649 Heraclidis

168 2706 309 2789 Pontici,
340 2705 474 2787 Sosibii,
505 2706 702 2788 Dicaearcbi‚
737 2706 872 2787 Persaei,
908 2706 1095 2789 Aristoclis,
1122 2707 1249 2773 Charo-

168 2834 290 2921 nisque
305 2833 545 2920 Lampsaceni,
569 2839 602 2900 at
623 2853 664 2901 ea
682 2854 761 2900 cum
788 2831 883 2900 haud
908 2832 1011 2902 dubie
1035 2834 1077 2901 ad
1092 2836 1250 2924 proposi-

168 2967 242 3028 tum
260 2964 416 3027 nostrum
441 2965 606 3047 spectent,
627 2959 705 3048 quis
730 2959 840 3026 nescit
858 2959 1019 3047 pauciora
1041 2966 1074 3029 et
1091 2960 1251 3029 breuiora

169 3107 244 3155 esse
273 3106 377 3175 quam
399 3092 436 3155 ut
464 3088 611 3155 multum
633 3086 809 3155 conferant
835 3086 963 3153 notitiae
987 3086 1090 3155 officii
1119 3087 1161 3156 de
1181 3108 1249 3177 quo

169 3212 304 3302 agitur?

217 3338 288 3407 Nec
303 3336 396 3405 aliud
410 3335 594 3405 dicendum
605 3343 657 3405 est
668 3336 709 3405 de
724 3337 886 3425 operibus
896 3358 1015 3407 eorum
1026 3341 1084 3429 qui
1095 3339 1138 3409 de
1152 3339 1249 3409 obso-

169 3463 316 3531 letorum
336 3462 522 3529 uerborum
540 3462 576 3529 ui
595 3468 628 3531 et
653 3483 721 3529 usu
743 3461 873 3530 indices
902 3464 1133 3551 collegerunt,
1156 3465 1252 3532 utilia

171 3607 264 3670 sane,
282 3584 344 3653 sed
363 3590 458 3654 curta
472 3591 605 3655 tantum
623 3585 702 3655 inde
722 3606 843 3655 eruere
860 3586 986 3655 indicia
1000 3609 1194 3677 possumus.

133 3728 137 3737 ·
220 3712 377 3781 Ceterum
393 3710 528 3795 desunt,
542 3710 586 3780 ad
609 3712 703 3779 illam
717 3710 858 3800 quidem
868 3718 1002 3781 aetatem
1015 3714 1051 3780 in
1066 3734 1133 3802 qua
1147 3714 1252 3803 epho-

212 3954 220 3992 ⁴
245 3956 282 4017 H.
299 3955 410 4031 Baria,
426 3955 470 4016 La
482 3954 671 4036 Republique
684 3954 735 4018 des
752 3956 1006 4021 Lacedemoniens
1020 3959 1056 4022 de
1070 3959 1249 4041 Xenophon.

175 4065 271 4137 Paris,
289 4062 421 4134 Leroux,
440 4061 532 4124 1885.
