3159 5059
645 530 806 597 ’.43-

174 670 298 742 damus
330 678 498 741 sententia
529 672 754 762 comprobata
769 694 928 763 egemus,
944 673 1144 764 exemplum
1169 676 1262 748 Cleo·

172 797 285 866 menis
308 798 378 864 lin
400 795 555 866 medium
581 796 763 886 profertur.
795 798 839 863 At
861 796 892 865 is
918 816 999 866 oum
1015 796 1209 869 Aristonem
1227 805 1261 869 et

174 921 336 1011 deinceps
355 923 575 991 Demaratum
589 922 701 990 filium
720 922 891 990 Aristonis
904 921 948 990 de
967 941 1074 1011 regno
1090 921 1261 1012 depellere

175 1052 329 1131 conatur,
360 1067 432 1115 non
458 1047 591 1137 ephori,
624 1046 687 1115 sed
715 1047 843 1135 gentile
871 1047 1049 1116 oraculum
1077 1047 1257 1138 Apollinis,

176 1178 375 1262 posteaque,
390 1174 518 1259 Pythiae
529 1173 661 1241 detecta
679 1172 815 1255 fraude,
834 1173 981 1263 populus
999 1169 1026 1268 (t
1043 1174 1140 1267 δῆμος)
1159 1172 1259 1243 deca

175 1319 213 1367 re
222 1286 350 1367 statuit.
362 1298 416 1366 Ad
425 1300 635 1389 ephororum
646 1298 787 1388 quidem
800 1297 950 1367 tribunal
959 1299 1157 1369 Cleomenes
1167 1299 1259 1371 idem

175 1428 356 1491 accusatus
371 1443 391 1491 a
405 1424 533 1512 populo
550 1422 695 1491 demum
708 1422 890 1500 iudicatur,
912 1443 1024 1512 neque
1045 1423 1138 1492 aliud
1155 1433 1260 1513 egunt

174 1548 294 1636 ephori
308 1566 412 1637 quam
428 1568 567 1615 causam
582 1552 620 1615 ut
638 1553 846 1636 cognoscant
863 1553 899 1615 et
912 1545 994 1616 dent
1007 1547 1137 1619 iudices
1149 1548 1173 1618 ⁴.

221 1672 318 1740 Adde
338 1670 431 1761 quod
453 1692 497 1740 ne
515 1672 624 1740 ueteri
646 1670 787 1761 quidem
807 1677 905 1739 aetate
928 1672 1101 1742 interdum
1125 1695 1259 1744 cessare

172 1797 481 1865 animaduertimus
499 1796 588 1865 hanc
603 1796 838 1865 anctoritatem
852 1802 886 1864 et
900 1815 1017 1865 curam
1034 1798 1255 1887 ephororum,

175 1941 257 1989 cum
285 1922 373 1989 inter
401 1940 439 1989 se
467 1940 567 2008 reges
593 1921 823 2003 consentiunt,
854 1917 947 2008 quod
977 1927 1093 1989 tamen
1125 1923 1160 1989 in
1192 1923 1258 1992 hoc

176 2045 325 2115 decursu
340 2045 506 2133 temporis
519 2050 610 2112 certe
625 2063 804 2132 nunquam
818 2045 1003 2129 euenisset,
1021 2045 1050 2112 si
1064 2046 1150 2114 nihil
1166 2047 1258 2116 aliud

175 2192 282 2261 quam
301 2171 495 2239 absentium
515 2175 573 2237 aut
588 2171 676 2238 inter
694 2190 731 2238 se
752 2169 991 2239 dissidentium
1005 2190 1126 2260 regum
1138 2173 1258 2241 uicarii

179 2296 399 2364 exstitissent.
427 2297 549 2362 Nonne
571 2295 771 2363 Cleomenes
789 2293 894 2379 idem,
916 2297 1114 2386 priusquam
1134 2297 1259 2385 egisset

176 2440 258 2487 oum
285 2419 457 2502 Aristone,
489 2420 675 2507 collegium
703 2420 876 2487 consuluit
895 2419 938 2487 de
958 2420 1111 2489 eiciendo
1130 2442 1149 2489 e
1168 2427 1258 2490 terra

174 2544 328 2612 laconica
343 2546 457 2613 Samio
475 2543 658 2613 Maeandrio
673 2544 732 2634 qui
747 2543 847 2612 donis
866 2563 1085 2633 corrumpere
1106 2566 1204 2635 reges
1223 2553 1258 2615 et

175 2670 345 2759 primores
364 2666 617 2738 moliebatur²?

225 2796 379 2885 Ephorus
389 2801 505 2864 tamen
514 2796 600 2863 nihil
612 2815 733 2883 regum
745 2794 899 2863 absentia
918 2800 976 2863 aut
988 2793 1158 2865 discordia
1175 2820 1256 2888 pro-

172 2918 296 2989 fecisse
310 2918 403 2987 haud
418 2917 671 3002 contendimuS,
682 2918 780 2988 cuius
793 2919 843 2987 rei
853 2920 961 2993 multa
970 2920 1114 2991 Dumius
1122 2922 1258 3013 collegit

173 3044 343 3133 exempla.
360 3043 427 3111 Sed
439 3043 528 3111 hanc
543 3045 778 3113 auctoritatem
793 3044 862 3111 illis
883 3044 959 3133 lege
982 3052 1074 3115 certa
1095 3048 1257 3117 tributam

174 3188 250 3237 esse
264 3168 491 3259 periculosius
506 3173 557 3236 est
576 3166 758 3236 affirmare.
777 3168 803 3234 E
822 3168 1031 3236 testimoniis
1045 3170 1112 3239 hoc
1125 3176 1256 3240 tantum

173 3313 296 3365 eruere
318 3292 511 3381 legitimum
533 3298 597 3376 est,
628 3291 909 3361 dissentientibus
933 3294 1085 3383 regibus,
1106 3298 1256 3386 primum

173 3418 354 3507 populum,
379 3414 504 3484 deinde
527 3421 685 3485 senatum
711 3417 883 3485 statuisse.
906 3418 977 3486 Nec
996 3419 1103 3490 fuisse
1122 3404 1255 3510 regium

173 3542 304 3611 donum
321 3542 508 3629 antiquitus
527 3561 616 3624 eam,
638 3562 706 3630 qua
729 3541 939 3610 ornabantur
956 3543 1089 3632 ephori,
1107 3544 1256 3614 ciuitatis

171 3666 284 3736 omnis
304 3664 524 3755 inspiciendae
537 3685 655 3734 curam
673 3685 734 3754 pro
753 3672 858 3750 certa,
877 3667 961 3754 quin
979 3667 1084 3737 immo
1101 3689 1162 3757 pro
1179 3670 1255 3738 ueri

171 3791 277 3862 simili
291 3792 460 3859 sententia
478 3795 529 3858 est
543 3788 754 3880 ponendum.

212 4038 222 4070 ¹
248 4031 374 4109 nerra,
391 4033 446 4097 vr.
464 4032 574 4096 st-aa.

209 4138 303 4209 rra,
328 4140 386 4214 111,
414 4137 480 4200 lla.
