3159 5059
602 419 762 483 ...33-

20 622 22 629 a
136 563 300 642 uetusta,
333 581 401 649 qua
420 562 575 650 Spartani
596 581 616 628 a
641 561 815 629 communi
834 568 1025 629 ceterarum
1046 561 1222 629 ciuitatum

136 682 342 753 condicione
365 684 459 753 haud
488 694 559 754 tam
588 686 690 773 longe
713 685 896 755 abhorrere
918 691 1108 775 potuerant.
1136 686 1221 754 Cum

135 826 221 875 vero
242 807 382 877 enodari
397 811 571 898 singulare
589 811 790 878 mandatum
808 830 950 879 neeesse
967 816 1069 895 esset,
1102 830 1122 878 e
1139 817 1220 879 noto

135 952 220 1019 rege
258 932 293 1000 id
322 921 515 1023 proiectum
546 934 764 1003 crediderunt
791 935 910 1020 Graeoi,
949 935 1086 1024 proprio
1117 935 1218 1023 genio

137 1055 304 1125 instincti.
328 1059 376 1127 Eo
396 1059 498 1128 modo
517 1061 567 1129 rei
586 1061 650 1128 sub
670 1061 779 1129 oculis
797 1061 929 1151 posite,
952 1058 1137 1129 definiendi
1150 1066 1218 1127 stu-

138 1180 198 1249 dio
216 1183 370 1271 impulsi,
392 1192 520 1254 certam
539 1186 706 1274 originem
728 1186 918 1255 tribuerunt
935 1191 969 1254 et
986 1191 1117 1254 eertum
1136 1204 1220 1253 auo-

137 1314 263 1377 torem.
282 1311 354 1377 Iam
372 1313 503 1380 notauit
516 1310 687 1381 Gilbertus
700 1310 777 1381 ideo
797 1312 982 1393 aPlatone,
999 1309 1062 1378 sub
1072 1309 1220 1398 imagine

139 1434 228 1502 freni
247 1439 348 1525 regiae
362 1438 519 1526 potestati
539 1435 695 1520 adhibiti,
719 1436 869 1506 officium
888 1438 1094 1525 ephororum
1108 1434 1219 1523 depic-

135 1568 212 1631 tum
225 1564 345 1648 fuisse,
368 1564 460 1654 quod
474 1565 599 1654 reipsa,
624 1583 699 1633 sera
716 1568 827 1646 atate,
848 1562 1079 1651 gubernacula
1100 1561 1220 1631 civita-

136 1688 179 1756 tis
199 1688 319 1777 ephori
339 1687 527 1757 tenerent¹.

186 1810 365 1880 Accedunt
388 1811 430 1878 ad
459 1813 532 1879 haeu
562 1831 603 1880 ea
626 1832 701 1901 quae
728 1811 1000 1879 luculentissime
1027 1811 1221 1880 enucleauit

138 1942 202 2005 bo.
220 1940 329 2020 Meyer
351 1960 358 2004 :
381 1957 507 2026 nempe
527 1936 596 2005 dux
620 1938 805 2005 Pausanias
825 1957 903 2004 oum
922 1937 1059 2025 ephoris
1078 1944 1220 2005 eonten-

140 2063 239 2147 dens,
254 2082 333 2130 oum
349 2063 453 2131 uellet
467 2083 586 2131 eorum
605 2064 791 2152 potentiam
812 2063 974 2142 euellere,
996 2068 1033 2129 ut
1051 2062 1221 2150 posterius

141 2190 318 2278 Lysander
327 2191 462 2278 regium
472 2190 665 2279 imperium,
679 2188 848 2257 eiusmodi
858 2189 901 2257 de
911 2189 1117 2277 ephororum
1126 2208 1219 2255 man·
1288 2194 1291 2196 “

142 2315 220 2384 dato
239 2336 396 2383 rumores
411 2316 447 2382 in
461 2315 586 2403 uulgus
601 2312 766 2403 sparsit²;
785 2315 850 2382 hos
869 2316 1116 2403 magistratusa
1129 2315 1222 2403 regi-

140 2440 206 2510 bus
226 2442 310 2509 oiim
330 2448 461 2511 creatos
476 2461 553 2509 esse
567 2448 601 2509 et
620 2440 662 2509 ab
677 2440 808 2509 eisdem
826 2441 970 2529 primam
989 2440 1222 2509 auctoritatem

142 2569 314 2656 accepisse
333 2572 371 2635 ut
389 2568 545 2656 fingeret,
568 2567 702 2656 impulit
721 2586 802 2635 eum
820 2566 957 2655 propria
979 2566 1115 2634 utilitas.
1139 2564 1222 2636 Inde

141 2692 285 2763 fortasse
300 2701 396 2763 ouria
414 2699 473 2761 aut
491 2694 695 2783 amplificata
713 2699 747 2762 et
765 2692 809 2759 ad
829 2697 935 2760 artem
954 2691 1085 2781 digesta
1098 2712 1220 2761 euase-

141 2826 219 2889 runt
237 2825 357 2888 uetera
379 2818 516 2888 oracula
539 2817 663 2908 quibus
683 2822 841 2908 spartana
854 2817 1048 2886 constitutio
1069 2816 1223 2885 ordinata

141 2944 247 3013 fuisse
262 2942 476 3013 credebatur.

191 3072 250 3141 Cui
268 3071 369 3161 plane
384 3071 610 3139 assentimur:
632 3069 695 3138 sed
714 3070 823 3138 multo
841 3075 919 3138 ante
939 3071 1139 3140 Pausaniam
1157 3072 1223 3143 hoo

142 3197 249 3267 fuisse
264 3197 439 3287 inceptum
454 3196 657 3264 arbitramur
670 3202 732 3265 ete
747 3197 914 3285 superiori
929 3196 1021 3267 fonte
1036 3197 1222 3269 derivatam

143 3323 231 3391 hano
246 3323 464 3391 oraculorum
482 3323 717 3391 mutationem.
743 3322 776 3391 Si
797 3323 874 3411 quis
893 3324 985 3391 enim
1003 3323 1046 3391 ad
1059 3323 1222 3394 Herodoti

145 3444 397 3517 narrationem⁵
417 3449 570 3517 animum
590 3455 739 3532 revocet,
757 3450 793 3517 in
812 3470 853 3519 ea
871 3451 1047 3519 oraculum
1065 3450 1222 3522 uersibus

182 3709 188 3743 ¹
216 3702 342 3774 Gabar,
369 3699 486 3761 Handb.
513 3699 565 3761 der
589 3698 764 3779 grioobioob.
782 3700 1009 3776 suatsatterth„
1034 3722 1099 3785 pag.
1119 3702 1166 3779 16,
1183 3704 1220 3766 ad

143 3818 203 3873 not.
222 3811 251 3872 1.

180 3915 192 3952 ²
211 3920 267 3979 Ed.
284 3916 394 3996 Meyer,
413 3917 521 3979 Rbein.
541 3918 636 3991 Moe,
657 3916 743 3991 1886,
759 3916 820 4003 ¹uoi.
840 3917 888 3992 41,
905 3936 970 3999 pag.
991 3919 1059 3981 578.

180 4025 191 4063 ³
212 4026 336 4098 Herod„
354 4024 379 4097 1,
398 4022 446 4086 65.
