3159 5059
863 450 1022 512 ..54-

389 590 577 681 sophorum
614 588 752 679 quidem
785 584 912 658 iudicio
942 588 1041 658 foret.
1080 588 1264 678 «Regibus
1296 589 1467 679 praecipue

387 716 552 785 maiorem
575 720 778 805 potestatem
795 714 1051 799 affectantibus,
1072 736 1142 784 non
1170 737 1253 786 uero
1273 716 1408 785 senatui
1435 717 1468 784 in

386 844 610 913 Homoeorum
630 841 813 911 concilium
827 848 975 927 mutat0,
999 844 1163 912 institutis
1177 844 1315 934 ephoris
1330 845 1466 914 obuiam

385 968 471 1035 itum
488 990 505 1034 n
527 973 645 1036 censet
663 966 804 1035 Kenius.

433 1093 475 1159 Αῖ
490 1091 518 1161 si
535 1094 760 1175 Hernicorum,
782 1091 816 1159 id
831 1098 884 1161 θεῖ
901 1094 1119 1181 optimatium
1138 1101 1172 1164 et
1189 1093 1357 1163 diuitum⁴
1376 1116 1396 1164 a
1411 1118 1464 1166 se·

383 1223 464 1286 natu
483 1224 597 1306 partes
613 1224 787 1306 susceptas
806 1218 913 1285 fuisse
933 1218 1078 1287 libenter
1098 1220 1206 1288 Kenio
1226 1221 1459 1306 concedimus

382 1362 450 1410 non
467 1347 518 1409 θεῖ
532 1361 592 1408 cnr
612 1340 660 1407 illi
687 1340 925 1424 assentiamur,
962 1362 1041 1409 cum
1074 1348 1205 1411 tantam
1230 1345 1461 1415 auctoritatem

381 1466 519 1557 regibus
532 1466 650 1534 tribuit
664 1470 701 1534 ut
720 1466 757 1533 in
780 1465 965 1535 discrimen
988 1468 1106 1556 populi
1126 1468 1202 1537 iura
1223 1470 1369 1539 adducta
1384 1472 1458 1539 sint.

381 1592 423 1660 Ut
437 1591 633 1660 omittamus
647 1610 723 1680 quae
743 1590 812 1658 iarn
826 1591 932 1659 allata
948 1597 1028 1659 sunt
1041 1591 1133 1662 unde
1147 1594 1295 1683 ephoros
1313 1596 1463 1684 equoris

380 1738 461 1807 rege
470 1718 642 1786 institutos
653 1737 729 1786 θεεθ
742 1738 864 1806 parum
876 1718 950 1786 ueri
966 1719 1079 1789 simile
1097 1720 1140 1787 sit
1152 1716 1178 1796 ²,
1191 1720 1334 1790 minime
1344 1741 1461 1809 regum

380 1842 523 1931 imperio
542 1841 763 1909 inualescenti
796 1841 861 1909 hoc
893 1842 1050 1910 instituto
1077 1843 1252 1912 ciuitatem
1270 1850 1461 1933 spartanam

379 1965 550 2035 obstitisse
572 1966 756 2035 eredimus.
781 1965 846 2043 Qui
872 1968 964 2034 enirn
980 1966 1097 2054 effingi
1120 1972 1232 2056 potest
1258 1968 1389 2057 regiam
1406 1991 1459 2058 po·

378 2096 534 2161 testatem
548 2090 766 2179 Theopompo
786 2100 951 2179 regnante
971 2091 1185 2161 increuisse?
1214 2094 1316 2161 Nullo
1335 2094 1460 2162 scilicet

378 2220 594 2305 argumento,
608 2215 676 2282 nisi
686 2214 837 2283 Platonis
847 2220 881 2283 θῖ
891 2215 1081 2284 Aristotelis
1095 2212 1322 2286 iam'laudatis
1332 2238 1456 2287 sermo-

375 2340 490 2423 nibus,
512 2338 637 2429 quibus
655 2337 799 2406 traditur
813 2338 871 2407 ille
890 2360 951 2407 rex
970 2360 1153 2429 personam
1172 2342 1321 2430 gessisse
1336 2362 1454 2411 serua-

375 2467 459 2536 toris
477 2471 510 2534 et
529 2466 646 2553 legum
661 2462 860 2534 conditoris.
883 2465 1006 2550 Immo,
1022 2472 1061 2534 ut
1075 2467 1200 2535 horum
1219 2468 1325 2536 uerba
1339 2470 1454 2559 expla-

374 2598 549 2676 narentur,
568 2590 611 2661 de
629 2597 728 2672 aucta
746 2592 938 2681 principum
968 2594 1120 2682 potentia
1138 2600 1303 2683 concepta
1327 2603 1381 2664 θεῖ
1401 2596 1454 2663 illa

373 2720 477 2804 lama,
508 2740 611 2809 qnam
630 2725 743 2786 tamen
763 2717 977 2802 Plutarchus,
1000 2719 1180 2788 Platonem
1198 2718 1365 2804 referens,
1389 2742 1454 2789 non

372 2854 479 2917 totam
498 2845 718 2935 exprompsit.
737 2846 824 2912 Nam
843 2844 879 2912 in
894 2865 934 2913 eo
950 2846 1026 2915 loeo
1039 2844 1098 2912 ubi
1114 2844 1158 2915 de
1167 2847 1378 2936 ephororum
1387 2848 1453 2917 ori-

373 2972 451 3061 gine
483 2971 613 3040 Platoni
647 2970 842 3056 assentitur,
877 2991 947 3039 non
984 2992 1105 3060 regum
1144 2944 1207 3039 scd
1240 2973 1452 3061 optimatium

371 3098 611 3189 intemperanti
626 3096 849 3166 dominationi
869 3097 1076 3186 ephororum
1108 3097 1243 3166 frenum
1263 3098 1452 3168 adhibitum

371 3245 447 3295 esse
463 3224 594 3293 asserit.

418 3352 484 3419 Res
513 3354 640 3431 autem,
675 3348 894 3437 Theopompo
908 3353 1084 3435 regnante,
1108 3367 1128 3415 a
1146 3348 1319 3439 Spartanis
1334 3355 1448 3437 gestas

369 3479 563 3563 statumque
582 3472 729 3541 ciuitatis
744 3472 888 3540 intuenti
908 3471 1088 3540 imminuta
1107 3492 1184 3541 esse
1203 3472 1318 3562 potius
1347 3494 1448 3563 quam

368 3606 466 3668 aucta
480 3617 601 3686 regum
614 3596 764 3685 potentia
783 3594 932 3666 uidetur.
947 3596 1156 3665 Grauissima
1170 3603 1267 3665 erant
1281 3603 1446 3688 tempora,

366 3744 445 3792 cum
472 3742 533 3812 per
563 3720 694 3790 bellurn
726 3721 939 3789 messenium
965 3720 1145 3810 disciplina
1172 3726 1273 3790 uetus
1307 3722 1450 3791 infracta

405 3965 414 3999 ¹
439 3960 486 4022 Ol.
501 3959 583 4035 inlr..
612 3977 678 4041 pag.
697 3958 734 4020 64
750 3977 814 4039 sqq.

405 4064 418 4102 ²
439 4068 487 4129 Ol.
505 4086 583 4147 sup,
601 4066 637 4127 ad
652 4085 714 4145 cap.
735 4066 776 4125 ΙΙ.
