3159 5059
682 470 710 485 -
740 440 774 503 15
795 474 834 484 ..

228 576 339 645 uideri
355 578 397 645 ad
420 578 655 669 explicandam
678 578 863 667 ephoratus
886 578 1117 647 inventionem
1136 598 1203 667 quo
1222 579 1299 646 lon-

223 703 300 791 gius
318 708 525 792 repetantur.
547 704 677 793 Nempe
707 724 783 793 quae
803 701 846 772 de
874 703 977 771 huius
1004 703 1147 771 instituti
1170 704 1300 791 origine

223 831 403 895 senserunt
427 832 559 896 ueteres
591 828 802 897 ememoria
834 827 1022 916 litterisque
1055 826 1300 915 antiquissimis

224 951 427 1021 didicerunt.
453 953 559 1030 Quam
578 954 742 1043 paulatim
767 954 896 1021 famam
924 960 1087 1021 mutatam
1106 973 1181 1022 esse
1208 958 1242 1021 et
1266 954 1302 1021 in

222 1076 309 1159 dies,
333 1082 433 1166 prout
452 1078 700 1149 existimauerit
714 1080 857 1167 scriptor
868 1078 1024 1167 quisque,
1047 1077 1224 1166 pristinam
1237 1097 1301 1144 no-

221 1203 331 1270 titiam
351 1211 544 1293 corruptam
571 1225 647 1273 esse
673 1204 852 1294 probabile
881 1209 943 1271 est.
972 1204 1194 1291 Quapropter,
1222 1222 1302 1269 cum

221 1331 263 1401 de
283 1332 480 1421 primordiis
498 1331 680 1420 ephoratus
704 1338 835 1419 agatur,
857 1329 901 1398 ad
923 1337 1117 1419 temporum
1135 1328 1302 1396 rationem

220 1464 302 1526 sunt
321 1457 510 1526 ordinanda
528 1459 731 1527 testimonia.

269 1585 303 1653 Si
321 1591 435 1654 autem
450 1586 493 1653 de
513 1586 616 1653 huius
629 1586 783 1653 muneris
798 1590 921 1653 natura
934 1590 968 1652 et
986 1587 1164 1671 potestate,
1183 1582 1302 1669 quales

219 1712 309 1779 inter
330 1711 465 1779 Persica
482 1711 572 1780 bella
593 1717 627 1779 et
652 1710 855 1779 seditionem
874 1731 894 1779 a
912 1711 1094 1777 Cleomene
1114 1708 1159 1775 lll
1183 1707 1300 1775 conci-

218 1842 325 1904 tatam
339 1836 549 1926 ephororum
568 1836 710 1923 collegio
721 1836 906 1923 contigisse
920 1835 1083 1902 nouimus
1102 1832 1297 1919 disceptan-

219 1960 305 2027 dum
324 1966 388 2044 est,
412 1961 605 2029 testimonia
631 1981 692 2051 pro
720 1963 886 2051 cuiusque
907 1959 1081 2048 scriptoris
1101 1957 1299 2027 auctoritate

219 2086 415 2154 adhibenda
447 2091 480 2153 et
511 2086 598 2155 inter
624 2108 661 2155 se
693 2086 898 2156 conferenda
929 2106 1005 2154 esse
1034 2085 1111 2173 quis
1143 2080 1297 2149 dubitet?
1408 2070 1411 2076 ’

217 2208 305 2275 Nam
336 2229 476 2298 operam
502 2219 580 2279 tuno
605 2232 750 2281 nauasse
783 2211 957 2301 propriam
985 2210 1132 2298 ephoros
1158 2215 1192 2277 et
1217 2226 1298 2274 mox

216 2333 408 2422 principem
421 2335 456 2401 in
470 2336 606 2405 ciuitate
621 2337 737 2405 locum
751 2335 940 2404 obtinuisse
954 2333 996 2402 ab
1012 2334 1209 2421 ipsarerum
1222 2350 1296 2397 nar-

214 2460 348 2527 ratione
367 2466 580 2549 compertum
599 2469 661 2531 est.
685 2463 798 2531 Oculis
814 2462 910 2552 quasi
937 2459 1090 2529 subiecta
1108 2458 1180 2525 suis
1195 2455 1296 2524 tradi-

217 2583 343 2653 derunt
387 2587 568 2675 scriptores
597 2590 762 2679 plerique,
805 2608 953 2677 quornm
981 2585 1094 2674 potius
1133 2582 1299 2651 iudicium

217 2731 321 2799 quam
337 2717 471 2781 aetatem
484 2716 762 2805 perpendendam
778 2735 853 2783 esse
869 2712 1086 2781 arbitramur.
