3159 5059
624 423 663 436 -
685 389 720 453 31
743 425 782 437 -
906 382 918 410 ⁸

169 526 240 594 iam
261 528 461 597 avicesimo
488 548 576 597 anno
596 530 909 612 Olympionicarum
924 528 1064 597 nomina
1081 527 1248 596 inscribe·

168 657 303 738 rentur,
320 654 413 744 quod
426 653 569 723 minime
580 673 649 721 nou
659 654 816 725 floruisse
830 661 929 724 antea
942 655 1145 746 ephoratum
1153 672 1248 721 com-

171 776 363 867 probaret¹.
399 780 578 847 Omittatur
597 780 701 847 etiam
728 780 880 850 studium
903 780 1093 849 Cleomenis
1113 798 1181 868 quo
1207 777 1251 846 ad

171 904 327 973 favorem
355 903 465 995 plebis
494 903 558 973 sibi
585 906 837 975 conciliandum
863 908 973 976 contio
993 908 1068 976 eius
1094 905 1251 973 instincta

170 1028 285 1097 fuerit.
311 1030 540 1119 Phylarchum
562 1037 700 1100 secutus
726 1037 777 1099 est
797 1032 996 1100 Plutarchus
1021 1050 1160 1099 omnem
1176 1048 1251 1098 rem

172 1151 378 1223 edisserens.
402 1155 539 1223 Frustra
571 1161 686 1224 autem
716 1155 890 1224 contendit
914 1155 1057 1224 Dumius
1076 1153 1252 1223 conscium

171 1278 279 1347 fuisse
293 1280 485 1349 Cleomenis
501 1281 743 1369 phylarchum,
762 1283 820 1371 qui
844 1289 935 1352 arcta
958 1303 1038 1350 oum
1055 1300 1136 1368 rege
1150 1279 1252 1347 fami-

170 1404 315 1472 liaritate
339 1413 411 1474 erat
434 1406 649 1490 coniunctus,
680 1405 827 1496 ideoque
852 1405 954 1474 famae
988 1407 1022 1473 in
1041 1405 1134 1492 regia
1152 1402 1253 1470 domo

170 1536 316 1619 accepta
336 1532 525 1600 certiorem.
539 1533 588 1601 Ne
602 1531 688 1601 fides
703 1533 892 1620 Phylarcho
909 1532 1109 1601 adhibeatur
1123 1537 1157 1599 et
1166 1548 1248 1619 pro-

170 1656 246 1745 pria
273 1657 347 1725 eius
381 1657 512 1727 indoles
539 1665 572 1727 et
606 1664 793 1727 stoicorum
826 1658 1057 1748 quorumdam
1078 1656 1256 1724 notissima

173 1782 329 1865 consilia,
349 1782 438 1851 inter
457 1801 543 1872 quos
562 1782 627 1850 fuit
646 1782 804 1871 Sphaerus
815 1778 997 1851 efficiund.
1025 1782 1163 1849 Veteres
1178 1797 1254 1846 mo-

172 1923 228 1971 res
247 1904 296 1969 illi
311 1924 371 1993 per
387 1906 476 1993 regis
491 1905 721 1974 ministerium
733 1906 925 1973 instaurare
944 1904 1152 1973 nitebantur.
1175 1900 1255 1977 Quae

173 2047 254 2094 oum
280 2028 441 2095 Dumium
459 2028 600 2097 minime
630 2029 769 2112 lateant,
802 2036 840 2096 ut
862 2028 1032 2096 Plutarchi
1060 2026 1256 2116 opinionem

174 2148 363 2233 confirmet,
386 2150 475 2218 hauc
500 2150 546 2219 111
564 2151 742 2239 praecipuae
763 2157 796 2219 et
816 2151 1027 2239 peruulgatae
1047 2149 1147 2217 famae
1165 2148 1255 2233 loce,

173 2274 365 2343 Cleomenis
383 2279 535 2365 tempore
554 2275 704 2343 habitam
724 2294 800 2343 esse
819 2275 863 2343 de
888 2270 1061 2364 ephoris³.

222 2398 295 2465 Hoc
314 2417 376 2465 sua
391 2402 509 2487 sponte
537 2403 687 2487 apparet,
712 2417 775 2466 nec
795 2398 909 2465 miuus
928 2395 1013 2465 illud
1035 2395 1127 2485 quod
1145 2413 1254 2464 uuum

173 2522 388 2609 seponimus:
419 2540 490 2589 non
511 2528 582 2590 erat
606 2521 678 2590 hacc
710 2520 802 2589 fama
823 2511 934 2611 prior,¹
956 2540 1022 2589 nec·
1050 2520 1160 2588 ullum
1183 2520 1257 2587 eius

175 2652 253 2715 ante
272 2646 449 2715 Platonem
467 2647 651 2735 uestigium
671 2647 890 2736 dignoscitur.

223 2772 276 2839 Ad
290 2770 376 2840 duas
386 2772 478 2841 enim
488 2772 666 2861 opiniones
685 2773 891 2860 colliguntur
909 2770 1024 2840 omnia
1038 2791 1113 2859 quae
1133 2770 1175 2838 ab
1194 2790 1258 2837 an-

176 2897 279 2985 tiquis
298 2895 341 2964 de
362 2896 526 2985 ephoratu
550 2895 672 2964 tradita
691 2902 783 2964 suut.
811 2896 927 2965 Altera
950 2915 1077 2963 munus
1101 2892 1199 2977 illud,
1221 2899 1260 2961 ut

176 3020 341 3110 pleraque
359 3021 603 3109 Spartanorum
617 3020 771 3089 instituta
781 3020 926 3108 Lycurgi
939 3019 1027 3088 aetati
1046 3018 1255 3107 adsignatur,

179 3145 284 3215 altera
302 3145 522 3235 Theopompi.

228 3271 317 3351 Quas
340 3270 456 3355 simul,
486 3270 610 3340 eodem
634 3276 761 3360 puncto
788 3270 954 3360 temporis
976 3270 1084 3359 gratia
1107 3270 1258 3338 ualuisse

220 3478 227 3513 ¹
249 3472 304 3532 lid.
321 3472 429 3549 Meyer,
446 3470 555 3532 Rhein.
572 3469 666 3545 Mos,
686 3468 774 3544 1886,
791 3468 917 3543 111141,
935 3488 999 3549 pag.
1018 3467 1167 3531 580-581.

218 3575 232 3614 ²
252 3575 338 3649 Quod
353 3578 411 3638 iam
437 3576 538 3655 procul
553 3574 641 3639 dubio
656 3584 709 3639 est.
734 3576 805 3637 Vid.
822 3576 937 3653 Hono„
954 3577 1011 3636 Die
1033 3573 1161 3646 Quelleo
1183 3573 1257 3635 Plu-

181 3684 306 3759 tarchus,
333 3692 402 3759 eta,
428 3703 492 3766 pag.
510 3680 621 3747 79-84.
648 3683 695 3745 ct
720 3684 918 3756 Solomone,
934 3682 1007 3761 Agis
1021 3691 1050 3743 et
1064 3681 1253 3754 Cleomenes,

182 3807 246 3871 pag.
263 3789 324 3854 203
339 3809 408 3871 sqq.
435 3789 553 3853 Obieoit
565 3792 625 3852 iam
641 3789 751 3851 Damio
766 3787 857 3850 huius
873 3788 961 3850 lontis
976 3805 1067 3849 usum
1081 3787 1115 3848 ll.
1131 3786 1254 3859 Lolliae,

183 3894 214 3955 in
228 3896 303 3958 Rev.
316 3897 399 3972 hist,
415 3904 488 3959 tom.
503 3898 559 3971 xl,
579 3895 666 3971 1879,
683 3912 750 3976 pag.
770 3894 837 3959 18⁴2.

224 4004 379 4079 1111111,
392 4003 977 4084 1111111111.111811111111111811111111.
992 4004 1116 4085 Ephor„
1129 4002 1256 4083 pugil.
