<?xml version="1.0" encoding="UTF-8"?>
<!DOCTYPE html PUBLIC "-//W3C//DTD XHTML 1.0 Transitional//EN"
    "http://www.w3.org/TR/xhtml1/DTD/xhtml1-transitional.dtd">
<html xmlns="http://www.w3.org/1999/xhtml" xml:lang="en" lang="en">
 <head>
  <title>
</title>
<meta http-equiv="Content-Type" content="text/html;charset=utf-8" />
  <meta name='ocr-system' content='tesseract 3.04.00' />
  <meta name='ocr-capabilities' content='ocr_page ocr_carea ocr_par ocr_line ocrx_word'/>
</head>
<body>
  <div class='ocr_page' id='page_1' title='image "./deephorissparta00gachgoog_0068.png"; bbox 0 0 3159 5059; ppageno 0'>
   <div class='ocr_carea' id='block_1_1' title="bbox 829 458 987 521">
    <p class='ocr_par' dir='ltr' id='par_1_1' title="bbox 829 458 987 521">
     <span class='ocr_line' id='line_1_1' title="bbox 829 458 987 521; baseline -0.025 -14"><span class='ocrx_word' id='word_1_1' title='bbox 829 458 987 521; x_wconf 61' lang='lat'>..54-</span> 
     </span>
    </p>
   </div>
   <div class='ocr_carea' id='block_1_2' title="bbox 332 592 1461 3822">
    <p class='ocr_par' dir='ltr' id='par_1_2' title="bbox 351 592 1461 1045">
     <span class='ocr_line' id='line_1_2' title="bbox 355 592 1461 689; baseline 0.001 -22"><span class='ocrx_word' id='word_1_2' title='bbox 355 598 543 689; x_wconf 90' lang='lat' dir='ltr'>sophorum</span> <span class='ocrx_word' id='word_1_3' title='bbox 579 596 718 688; x_wconf 85' lang='lat' dir='ltr'>quidem</span> <span class='ocrx_word' id='word_1_4' title='bbox 751 592 878 665; x_wconf 87' lang='lat' dir='ltr'>iudicio</span> <span class='ocrx_word' id='word_1_5' title='bbox 908 596 1007 666; x_wconf 83' lang='lat' dir='ltr'>toret.</span> <span class='ocrx_word' id='word_1_6' title='bbox 1046 596 1230 686; x_wconf 79' lang='lat' dir='ltr'>«Regibus</span> <span class='ocrx_word' id='word_1_7' title='bbox 1262 596 1461 687; x_wconf 84' lang='lat' dir='ltr'>praeeipue</span> 
     </span>
     <span class='ocr_line' id='line_1_3' title="bbox 353 722 1461 813; baseline 0.001 -21"><span class='ocrx_word' id='word_1_8' title='bbox 353 724 518 794; x_wconf 89' lang='lat' dir='ltr'>maiorem</span> <span class='ocrx_word' id='word_1_9' title='bbox 541 728 742 813; x_wconf 90' lang='lat' dir='ltr'>potestatem</span> <span class='ocrx_word' id='word_1_10' title='bbox 761 722 1017 807; x_wconf 83' lang='lat' dir='ltr'>affectantibus,</span> <span class='ocrx_word' id='word_1_11' title='bbox 1037 744 1108 792; x_wconf 92' lang='lat' dir='ltr'>non</span> <span class='ocrx_word' id='word_1_12' title='bbox 1136 744 1219 794; x_wconf 91' lang='lat' dir='ltr'>uero</span> <span class='ocrx_word' id='word_1_13' title='bbox 1239 723 1379 793; x_wconf 88' lang='lat' dir='ltr'>senatui</span> <span class='ocrx_word' id='word_1_14' title='bbox 1413 726 1461 793; x_wconf 87' lang='lat' dir='ltr'>in</span> 
     </span>
     <span class='ocr_line' id='line_1_4' title="bbox 352 849 1460 943; baseline 0.001 -22"><span class='ocrx_word' id='word_1_15' title='bbox 352 852 576 921; x_wconf 87' lang='lat' dir='ltr'>Homoeorum</span> <span class='ocrx_word' id='word_1_16' title='bbox 596 849 778 919; x_wconf 84' lang='lat' dir='ltr'>concilium</span> <span class='ocrx_word' id='word_1_17' title='bbox 794 856 942 936; x_wconf 85' lang='lat' dir='ltr'>mutato,</span> <span class='ocrx_word' id='word_1_18' title='bbox 965 851 1129 920; x_wconf 87' lang='lat' dir='ltr'>institutis</span> <span class='ocrx_word' id='word_1_19' title='bbox 1143 852 1281 943; x_wconf 83' lang='lat' dir='ltr'>ephoris</span> <span class='ocrx_word' id='word_1_20' title='bbox 1294 852 1460 922; x_wconf 90' lang='lat' dir='ltr'>obuiam</span> 
     </span>
     <span class='ocr_line' id='line_1_5' title="bbox 351 974 770 1045; baseline 0 -2"><span class='ocrx_word' id='word_1_21' title='bbox 351 976 472 1044; x_wconf 78' lang='lat' dir='ltr'>itum»</span> <span class='ocrx_word' id='word_1_22' title='bbox 494 982 611 1045; x_wconf 90' lang='lat' dir='ltr'>oenset</span> <span class='ocrx_word' id='word_1_23' title='bbox 629 974 770 1043; x_wconf 87' lang='lat' dir='ltr'>Kanius.</span> 
     </span>
    </p>

    <p class='ocr_par' dir='ltr' id='par_1_3' title="bbox 337 1099 1455 3303">
     <span class='ocr_line' id='line_1_6' title="bbox 399 1099 1455 1189; baseline 0.007 -22"><span class='ocrx_word' id='word_1_24' title='bbox 399 1102 442 1168; x_wconf 83' lang='lat' dir='ltr'>At</span> <span class='ocrx_word' id='word_1_25' title='bbox 455 1099 484 1169; x_wconf 92' lang='lat' dir='ltr'>si</span> <span class='ocrx_word' id='word_1_26' title='bbox 501 1102 726 1183; x_wconf 82' lang='lat' dir='ltr'>lloraoeoram,</span> <span class='ocrx_word' id='word_1_27' title='bbox 748 1099 850 1169; x_wconf 91' lang='lat' dir='ltr'>idest</span> <span class='ocrx_word' id='word_1_28' title='bbox 867 1101 1085 1189; x_wconf 89' lang='lat' dir='ltr'>optimatium</span> <span class='ocrx_word' id='word_1_29' title='bbox 1104 1108 1139 1171; x_wconf 89' lang='lat' dir='ltr'>et</span> <span class='ocrx_word' id='word_1_30' title='bbox 1155 1101 1319 1171; x_wconf 86' lang='lat' dir='ltr'>diuitum⁴</span> <span class='ocrx_word' id='word_1_31' title='bbox 1341 1124 1364 1171; x_wconf 93' lang='lat' dir='ltr'>a</span> <span class='ocrx_word' id='word_1_32' title='bbox 1381 1125 1455 1173; x_wconf 90' lang='lat' dir='ltr'>se-</span> 
     </span>
     <span class='ocr_line' id='line_1_7' title="bbox 349 1225 1448 1315; baseline 0.005 -22"><span class='ocrx_word' id='word_1_33' title='bbox 349 1231 431 1293; x_wconf 90' lang='lat' dir='ltr'>natu</span> <span class='ocrx_word' id='word_1_34' title='bbox 450 1232 563 1315; x_wconf 91' lang='lat' dir='ltr'>partes</span> <span class='ocrx_word' id='word_1_35' title='bbox 579 1232 753 1315; x_wconf 86' lang='lat' dir='ltr'>susceptas</span> <span class='ocrx_word' id='word_1_36' title='bbox 772 1225 879 1294; x_wconf 85' lang='lat' dir='ltr'>fuisse</span> <span class='ocrx_word' id='word_1_37' title='bbox 899 1226 1045 1295; x_wconf 75' lang='lat' dir='ltr'>libenter</span> <span class='ocrx_word' id='word_1_38' title='bbox 1064 1227 1172 1296; x_wconf 92' lang='lat' dir='ltr'>Kanio</span> <span class='ocrx_word' id='word_1_39' title='bbox 1192 1228 1448 1315; x_wconf 78' lang='lat' dir='ltr'>concedimus,</span> 
     </span>
     <span class='ocr_line' id='line_1_8' title="bbox 348 1348 1451 1432; baseline 0.004 -15"><span class='ocrx_word' id='word_1_40' title='bbox 348 1370 417 1417; x_wconf 92' lang='lat' dir='ltr'>non</span> <span class='ocrx_word' id='word_1_41' title='bbox 433 1353 484 1417; x_wconf 89' lang='lat' dir='ltr'>est</span> <span class='ocrx_word' id='word_1_42' title='bbox 498 1368 558 1416; x_wconf 91' lang='lat' dir='ltr'>cur</span> <span class='ocrx_word' id='word_1_43' title='bbox 578 1348 627 1415; x_wconf 93' lang='lat' dir='ltr'>illi</span> <span class='ocrx_word' id='word_1_44' title='bbox 653 1349 891 1432; x_wconf 89' lang='lat' dir='ltr'>assentiamur,</span> <span class='ocrx_word' id='word_1_45' title='bbox 929 1370 1007 1417; x_wconf 88' lang='lat' dir='ltr'>oum</span> <span class='ocrx_word' id='word_1_46' title='bbox 1039 1355 1170 1417; x_wconf 87' lang='lat' dir='ltr'>tantam</span> <span class='ocrx_word' id='word_1_47' title='bbox 1195 1351 1451 1421; x_wconf 84' lang='lat' dir='ltr'>auctoritatem</span> 
     </span>
     <span class='ocr_line' id='line_1_9' title="bbox 347 1473 1446 1565; baseline 0.002 -22"><span class='ocrx_word' id='word_1_48' title='bbox 347 1474 485 1565; x_wconf 90' lang='lat' dir='ltr'>regibus</span> <span class='ocrx_word' id='word_1_49' title='bbox 498 1474 616 1541; x_wconf 76' lang='lat' dir='ltr'>tribuit</span> <span class='ocrx_word' id='word_1_50' title='bbox 631 1478 668 1541; x_wconf 91' lang='lat' dir='ltr'>ut</span> <span class='ocrx_word' id='word_1_51' title='bbox 686 1474 723 1541; x_wconf 91' lang='lat' dir='ltr'>in</span> <span class='ocrx_word' id='word_1_52' title='bbox 746 1473 930 1543; x_wconf 79' lang='lat' dir='ltr'>discrimen</span> <span class='ocrx_word' id='word_1_53' title='bbox 954 1475 1072 1564; x_wconf 93' lang='lat' dir='ltr'>populi</span> <span class='ocrx_word' id='word_1_54' title='bbox 1092 1476 1168 1544; x_wconf 90' lang='lat' dir='ltr'>iura</span> <span class='ocrx_word' id='word_1_55' title='bbox 1188 1476 1333 1545; x_wconf 87' lang='lat' dir='ltr'>adducta</span> <span class='ocrx_word' id='word_1_56' title='bbox 1349 1479 1446 1546; x_wconf 89' lang='lat' dir='ltr'>sint.</span> 
     </span>
     <span class='ocr_line' id='line_1_10' title="bbox 347 1598 1453 1691; baseline 0.003 -23"><span class='ocrx_word' id='word_1_57' title='bbox 347 1600 389 1668; x_wconf 86' lang='lat' dir='ltr'>Ut</span> <span class='ocrx_word' id='word_1_58' title='bbox 403 1598 600 1669; x_wconf 87' lang='lat' dir='ltr'>omittamus</span> <span class='ocrx_word' id='word_1_59' title='bbox 613 1618 690 1688; x_wconf 87' lang='lat' dir='ltr'>quae</span> <span class='ocrx_word' id='word_1_60' title='bbox 709 1598 777 1665; x_wconf 90' lang='lat' dir='ltr'>iam</span> <span class='ocrx_word' id='word_1_61' title='bbox 793 1598 899 1666; x_wconf 89' lang='lat' dir='ltr'>allata</span> <span class='ocrx_word' id='word_1_62' title='bbox 913 1605 995 1668; x_wconf 91' lang='lat' dir='ltr'>sunt</span> <span class='ocrx_word' id='word_1_63' title='bbox 1008 1599 1099 1669; x_wconf 90' lang='lat' dir='ltr'>unde</span> <span class='ocrx_word' id='word_1_64' title='bbox 1112 1601 1260 1691; x_wconf 88' lang='lat' dir='ltr'>ephoros</span> <span class='ocrx_word' id='word_1_65' title='bbox 1278 1604 1453 1690; x_wconf 88' lang='lat' dir='ltr'>aquovis</span> 
     </span>
     <span class='ocr_line' id='line_1_11' title="bbox 346 1723 1451 1815; baseline 0.002 -20"><span class='ocrx_word' id='word_1_66' title='bbox 346 1746 427 1815; x_wconf 90' lang='lat' dir='ltr'>rege</span> <span class='ocrx_word' id='word_1_67' title='bbox 436 1725 608 1795; x_wconf 87' lang='lat' dir='ltr'>institutos</span> <span class='ocrx_word' id='word_1_68' title='bbox 619 1744 695 1793; x_wconf 90' lang='lat' dir='ltr'>esse</span> <span class='ocrx_word' id='word_1_69' title='bbox 708 1745 831 1814; x_wconf 89' lang='lat' dir='ltr'>parum</span> <span class='ocrx_word' id='word_1_70' title='bbox 843 1725 1045 1795; x_wconf 90' lang='lat' dir='ltr'>uerisimile</span> <span class='ocrx_word' id='word_1_71' title='bbox 1063 1726 1106 1795; x_wconf 88' lang='lat' dir='ltr'>sit</span> <span class='ocrx_word' id='word_1_72' title='bbox 1118 1723 1144 1803; x_wconf 83' lang='lat'>²,</span> <span class='ocrx_word' id='word_1_73' title='bbox 1157 1728 1451 1815; x_wconf 87' lang='lat' dir='ltr'>minimeregum</span> 
     </span>
     <span class='ocr_line' id='line_1_12' title="bbox 347 1848 1451 1940; baseline 0.002 -22"><span class='ocrx_word' id='word_1_74' title='bbox 347 1850 489 1940; x_wconf 93' lang='lat' dir='ltr'>imperio</span> <span class='ocrx_word' id='word_1_75' title='bbox 509 1848 730 1917; x_wconf 82' lang='lat' dir='ltr'>inualescenti</span> <span class='ocrx_word' id='word_1_76' title='bbox 761 1849 827 1918; x_wconf 89' lang='lat' dir='ltr'>hoo</span> <span class='ocrx_word' id='word_1_77' title='bbox 859 1849 1016 1918; x_wconf 88' lang='lat' dir='ltr'>instituto</span> <span class='ocrx_word' id='word_1_78' title='bbox 1043 1850 1218 1918; x_wconf 80' lang='lat' dir='ltr'>ciuitatem</span> <span class='ocrx_word' id='word_1_79' title='bbox 1236 1856 1451 1939; x_wconf 88' lang='lat' dir='ltr'>spartanam</span> 
     </span>
     <span class='ocr_line' id='line_1_13' title="bbox 345 1972 1447 2065; baseline 0.004 -23"><span class='ocrx_word' id='word_1_80' title='bbox 345 1974 516 2043; x_wconf 90' lang='lat' dir='ltr'>obstitisse</span> <span class='ocrx_word' id='word_1_81' title='bbox 538 1972 722 2043; x_wconf 84' lang='lat' dir='ltr'>oredimus.</span> <span class='ocrx_word' id='word_1_82' title='bbox 747 1972 813 2050; x_wconf 82' lang='lat' dir='ltr'>Qui</span> <span class='ocrx_word' id='word_1_83' title='bbox 838 1975 931 2042; x_wconf 88' lang='lat' dir='ltr'>enirn</span> <span class='ocrx_word' id='word_1_84' title='bbox 947 1972 1063 2062; x_wconf 88' lang='lat' dir='ltr'>effingi</span> <span class='ocrx_word' id='word_1_85' title='bbox 1086 1980 1197 2064; x_wconf 92' lang='lat' dir='ltr'>potest</span> <span class='ocrx_word' id='word_1_86' title='bbox 1224 1974 1355 2063; x_wconf 87' lang='lat' dir='ltr'>regiam</span> <span class='ocrx_word' id='word_1_87' title='bbox 1374 1997 1447 2065; x_wconf 91' lang='lat' dir='ltr'>po-</span> 
     </span>
     <span class='ocr_line' id='line_1_14' title="bbox 344 2098 1449 2187; baseline 0.003 -18"><span class='ocrx_word' id='word_1_88' title='bbox 344 2105 500 2169; x_wconf 81' lang='lat' dir='ltr'>testatem</span> <span class='ocrx_word' id='word_1_89' title='bbox 514 2098 732 2187; x_wconf 86' lang='lat' dir='ltr'>Theopompo</span> <span class='ocrx_word' id='word_1_90' title='bbox 752 2107 917 2186; x_wconf 77' lang='lat' dir='ltr'>regnante</span> <span class='ocrx_word' id='word_1_91' title='bbox 937 2099 1151 2168; x_wconf 83' lang='lat' dir='ltr'>inereuisse?</span> <span class='ocrx_word' id='word_1_92' title='bbox 1180 2100 1281 2168; x_wconf 93' lang='lat' dir='ltr'>Nullo</span> <span class='ocrx_word' id='word_1_93' title='bbox 1299 2100 1449 2171; x_wconf 83' lang='lat' dir='ltr'>seilicet</span> 
     </span>
     <span class='ocr_line' id='line_1_15' title="bbox 344 2218 1443 2313; baseline 0 -19"><span class='ocrx_word' id='word_1_94' title='bbox 344 2229 560 2313; x_wconf 89' lang='lat' dir='ltr'>argumento,</span> <span class='ocrx_word' id='word_1_95' title='bbox 574 2222 642 2290; x_wconf 92' lang='lat' dir='ltr'>nisi</span> <span class='ocrx_word' id='word_1_96' title='bbox 652 2222 804 2290; x_wconf 85' lang='lat' dir='ltr'>Platonis</span> <span class='ocrx_word' id='word_1_97' title='bbox 814 2228 847 2290; x_wconf 91' lang='lat' dir='ltr'>et</span> <span class='ocrx_word' id='word_1_98' title='bbox 857 2222 1047 2291; x_wconf 85' lang='lat' dir='ltr'>Aristotelis</span> <span class='ocrx_word' id='word_1_99' title='bbox 1061 2218 1287 2292; x_wconf 67' lang='lat' dir='ltr'>iam&#39;laudatis</span> <span class='ocrx_word' id='word_1_100' title='bbox 1296 2244 1443 2294; x_wconf 90' lang='lat' dir='ltr'>sermo-</span> 
     </span>
     <span class='ocr_line' id='line_1_16' title="bbox 341 2346 1440 2438; baseline 0.001 -21"><span class='ocrx_word' id='word_1_101' title='bbox 341 2349 456 2430; x_wconf 83' lang='lat' dir='ltr'>nibus,</span> <span class='ocrx_word' id='word_1_102' title='bbox 478 2346 603 2438; x_wconf 90' lang='lat' dir='ltr'>quibus</span> <span class='ocrx_word' id='word_1_103' title='bbox 622 2346 765 2415; x_wconf 88' lang='lat' dir='ltr'>traditur</span> <span class='ocrx_word' id='word_1_104' title='bbox 779 2346 838 2414; x_wconf 90' lang='lat' dir='ltr'>ille</span> <span class='ocrx_word' id='word_1_105' title='bbox 857 2366 917 2414; x_wconf 87' lang='lat' dir='ltr'>rex</span> <span class='ocrx_word' id='word_1_106' title='bbox 937 2366 1119 2436; x_wconf 90' lang='lat' dir='ltr'>personam</span> <span class='ocrx_word' id='word_1_107' title='bbox 1138 2348 1286 2437; x_wconf 84' lang='lat' dir='ltr'>gessisse</span> <span class='ocrx_word' id='word_1_108' title='bbox 1300 2367 1440 2418; x_wconf 89' lang='lat' dir='ltr'>serua-</span> 
     </span>
     <span class='ocr_line' id='line_1_17' title="bbox 341 2471 1440 2564; baseline 0.003 -23"><span class='ocrx_word' id='word_1_109' title='bbox 341 2475 425 2543; x_wconf 90' lang='lat' dir='ltr'>toris</span> <span class='ocrx_word' id='word_1_110' title='bbox 444 2478 477 2543; x_wconf 86' lang='lat' dir='ltr'>et</span> <span class='ocrx_word' id='word_1_111' title='bbox 496 2474 611 2562; x_wconf 90' lang='lat' dir='ltr'>legum</span> <span class='ocrx_word' id='word_1_112' title='bbox 627 2471 826 2541; x_wconf 85' lang='lat' dir='ltr'>conditoris.</span> <span class='ocrx_word' id='word_1_113' title='bbox 850 2473 972 2557; x_wconf 92' lang='lat' dir='ltr'>Immo,</span> <span class='ocrx_word' id='word_1_114' title='bbox 990 2478 1027 2541; x_wconf 91' lang='lat' dir='ltr'>ut</span> <span class='ocrx_word' id='word_1_115' title='bbox 1041 2474 1165 2542; x_wconf 90' lang='lat' dir='ltr'>horum</span> <span class='ocrx_word' id='word_1_116' title='bbox 1184 2474 1290 2542; x_wconf 87' lang='lat' dir='ltr'>uerba</span> <span class='ocrx_word' id='word_1_117' title='bbox 1303 2476 1440 2564; x_wconf 87' lang='lat' dir='ltr'>expla-</span> 
     </span>
     <span class='ocr_line' id='line_1_18' title="bbox 340 2598 1440 2691; baseline 0.005 -23"><span class='ocrx_word' id='word_1_118' title='bbox 340 2605 516 2684; x_wconf 86' lang='lat' dir='ltr'>narentur,</span> <span class='ocrx_word' id='word_1_119' title='bbox 534 2598 577 2669; x_wconf 95' lang='lat' dir='ltr'>de</span> <span class='ocrx_word' id='word_1_120' title='bbox 595 2605 694 2667; x_wconf 87' lang='lat' dir='ltr'>aucta</span> <span class='ocrx_word' id='word_1_121' title='bbox 712 2599 904 2688; x_wconf 84' lang='lat' dir='ltr'>principum</span> <span class='ocrx_word' id='word_1_122' title='bbox 934 2601 1086 2691; x_wconf 89' lang='lat' dir='ltr'>potentia</span> <span class='ocrx_word' id='word_1_123' title='bbox 1104 2607 1270 2690; x_wconf 84' lang='lat' dir='ltr'>concepta</span> <span class='ocrx_word' id='word_1_124' title='bbox 1292 2608 1346 2669; x_wconf 91' lang='lat' dir='ltr'>est</span> <span class='ocrx_word' id='word_1_125' title='bbox 1367 2602 1440 2673; x_wconf 88' lang='lat' dir='ltr'>illa</span> 
     </span>
     <span class='ocr_line' id='line_1_19' title="bbox 339 2725 1439 2817; baseline 0.002 -20"><span class='ocrx_word' id='word_1_126' title='bbox 339 2728 444 2812; x_wconf 86' lang='lat' dir='ltr'>lama,</span> <span class='ocrx_word' id='word_1_127' title='bbox 474 2747 577 2817; x_wconf 87' lang='lat' dir='ltr'>quam</span> <span class='ocrx_word' id='word_1_128' title='bbox 596 2733 710 2794; x_wconf 87' lang='lat' dir='ltr'>tamen</span> <span class='ocrx_word' id='word_1_129' title='bbox 729 2725 944 2809; x_wconf 82' lang='lat' dir='ltr'>Plutarchus,</span> <span class='ocrx_word' id='word_1_130' title='bbox 966 2726 1145 2795; x_wconf 87' lang='lat' dir='ltr'>Platonem</span> <span class='ocrx_word' id='word_1_131' title='bbox 1164 2726 1327 2809; x_wconf 80' lang='lat' dir='ltr'>referem,</span> <span class='ocrx_word' id='word_1_132' title='bbox 1353 2748 1439 2799; x_wconf 90' lang='lat' dir='ltr'>non</span> 
     </span>
     <span class='ocr_line' id='line_1_20' title="bbox 338 2851 1437 2944; baseline -0.002 -19"><span class='ocrx_word' id='word_1_133' title='bbox 338 2862 445 2925; x_wconf 89' lang='lat' dir='ltr'>totam</span> <span class='ocrx_word' id='word_1_134' title='bbox 464 2852 684 2944; x_wconf 88' lang='lat' dir='ltr'>exprompsit.</span> <span class='ocrx_word' id='word_1_135' title='bbox 703 2853 732 2919; x_wconf 94' lang='lat' dir='ltr'>N</span> <span class='ocrx_word' id='word_1_136' title='bbox 735 2872 790 2919; x_wconf 90' lang='lat' dir='ltr'>am</span> <span class='ocrx_word' id='word_1_137' title='bbox 810 2852 845 2919; x_wconf 91' lang='lat' dir='ltr'>in</span> <span class='ocrx_word' id='word_1_138' title='bbox 860 2872 901 2920; x_wconf 91' lang='lat' dir='ltr'>eo</span> <span class='ocrx_word' id='word_1_139' title='bbox 916 2852 992 2921; x_wconf 86' lang='lat' dir='ltr'>loeo</span> <span class='ocrx_word' id='word_1_140' title='bbox 1005 2852 1064 2920; x_wconf 90' lang='lat' dir='ltr'>ubi</span> <span class='ocrx_word' id='word_1_141' title='bbox 1081 2851 1123 2921; x_wconf 93' lang='lat' dir='ltr'>de</span> <span class='ocrx_word' id='word_1_142' title='bbox 1133 2853 1341 2943; x_wconf 88' lang='lat' dir='ltr'>ephororum</span> <span class='ocrx_word' id='word_1_143' title='bbox 1351 2857 1437 2923; x_wconf 91' lang='lat' dir='ltr'>ori·-</span> 
     </span>
     <span class='ocr_line' id='line_1_21' title="bbox 339 2978 1435 3070; baseline 0.003 -22"><span class='ocrx_word' id='word_1_144' title='bbox 339 2982 418 3070; x_wconf 86' lang='lat' dir='ltr'>gine</span> <span class='ocrx_word' id='word_1_145' title='bbox 449 2978 579 3048; x_wconf 92' lang='lat' dir='ltr'>Platoni</span> <span class='ocrx_word' id='word_1_146' title='bbox 613 2978 808 3062; x_wconf 86' lang='lat' dir='ltr'>assentitur,</span> <span class='ocrx_word' id='word_1_147' title='bbox 843 2998 914 3047; x_wconf 93' lang='lat' dir='ltr'>non</span> <span class='ocrx_word' id='word_1_148' title='bbox 950 2998 1071 3067; x_wconf 90' lang='lat' dir='ltr'>regum</span> <span class='ocrx_word' id='word_1_149' title='bbox 1110 2978 1174 3046; x_wconf 91' lang='lat' dir='ltr'>sed</span> <span class='ocrx_word' id='word_1_150' title='bbox 1206 2979 1435 3068; x_wconf 88' lang='lat' dir='ltr'>optimatium</span> 
     </span>
     <span class='ocr_line' id='line_1_22' title="bbox 337 3103 1435 3197; baseline 0.001 -22"><span class='ocrx_word' id='word_1_151' title='bbox 337 3106 577 3197; x_wconf 88' lang='lat' dir='ltr'>intemperanti</span> <span class='ocrx_word' id='word_1_152' title='bbox 592 3104 816 3174; x_wconf 90' lang='lat' dir='ltr'>dominationi</span> <span class='ocrx_word' id='word_1_153' title='bbox 836 3104 1043 3193; x_wconf 91' lang='lat' dir='ltr'>ephororum</span> <span class='ocrx_word' id='word_1_154' title='bbox 1074 3103 1210 3173; x_wconf 87' lang='lat' dir='ltr'>frenum</span> <span class='ocrx_word' id='word_1_155' title='bbox 1229 3104 1435 3176; x_wconf 89' lang='lat' dir='ltr'>adhibitum</span> 
     </span>
     <span class='ocr_line' id='line_1_23' title="bbox 338 3232 560 3303; baseline -0.018 0"><span class='ocrx_word' id='word_1_156' title='bbox 338 3252 414 3303; x_wconf 91' lang='lat' dir='ltr'>esse</span> <span class='ocrx_word' id='word_1_157' title='bbox 429 3232 560 3302; x_wconf 89' lang='lat' dir='ltr'>asserit.</span> 
     </span>
    </p>

    <p class='ocr_par' dir='ltr' id='par_1_4' title="bbox 332 3354 1429 3822">
     <span class='ocr_line' id='line_1_24' title="bbox 385 3354 1427 3445; baseline -0.001 -18"><span class='ocrx_word' id='word_1_158' title='bbox 385 3360 450 3427; x_wconf 88' lang='lat' dir='ltr'>Res</span> <span class='ocrx_word' id='word_1_159' title='bbox 480 3363 606 3439; x_wconf 88' lang='lat' dir='ltr'>autem,</span> <span class='ocrx_word' id='word_1_160' title='bbox 641 3355 861 3445; x_wconf 89' lang='lat' dir='ltr'>Theopompo</span> <span class='ocrx_word' id='word_1_161' title='bbox 875 3359 1051 3443; x_wconf 88' lang='lat' dir='ltr'>regnante,</span> <span class='ocrx_word' id='word_1_162' title='bbox 1074 3374 1094 3422; x_wconf 92' lang='lat' dir='ltr'>a</span> <span class='ocrx_word' id='word_1_163' title='bbox 1112 3354 1285 3445; x_wconf 88' lang='lat' dir='ltr'>Spartanis</span> <span class='ocrx_word' id='word_1_164' title='bbox 1300 3362 1427 3443; x_wconf 87' lang='lat' dir='ltr'>gestas</span> 
     </span>
     <span class='ocr_line' id='line_1_25' title="bbox 335 3478 1427 3573; baseline -0.004 -21"><span class='ocrx_word' id='word_1_165' title='bbox 335 3487 529 3573; x_wconf 87' lang='lat' dir='ltr'>statumque</span> <span class='ocrx_word' id='word_1_166' title='bbox 549 3480 695 3549; x_wconf 84' lang='lat' dir='ltr'>ciuitatis</span> <span class='ocrx_word' id='word_1_167' title='bbox 710 3480 855 3548; x_wconf 91' lang='lat' dir='ltr'>intuenti</span> <span class='ocrx_word' id='word_1_168' title='bbox 874 3478 1055 3546; x_wconf 90' lang='lat' dir='ltr'>imminuta</span> <span class='ocrx_word' id='word_1_169' title='bbox 1073 3498 1150 3549; x_wconf 89' lang='lat' dir='ltr'>esse</span> <span class='ocrx_word' id='word_1_170' title='bbox 1169 3479 1285 3569; x_wconf 89' lang='lat' dir='ltr'>potius</span> <span class='ocrx_word' id='word_1_171' title='bbox 1313 3501 1427 3569; x_wconf 90' lang='lat' dir='ltr'>quarn</span> 
     </span>
     <span class='ocr_line' id='line_1_26' title="bbox 334 3603 1422 3695; baseline -0.003 -19"><span class='ocrx_word' id='word_1_172' title='bbox 334 3614 433 3677; x_wconf 83' lang='lat' dir='ltr'>auota</span> <span class='ocrx_word' id='word_1_173' title='bbox 446 3626 567 3695; x_wconf 90' lang='lat' dir='ltr'>regum</span> <span class='ocrx_word' id='word_1_174' title='bbox 580 3604 731 3695; x_wconf 89' lang='lat' dir='ltr'>potentia</span> <span class='ocrx_word' id='word_1_175' title='bbox 749 3603 898 3671; x_wconf 91' lang='lat' dir='ltr'>uidetur.</span> <span class='ocrx_word' id='word_1_176' title='bbox 913 3603 1122 3673; x_wconf 87' lang='lat' dir='ltr'>Grauissima</span> <span class='ocrx_word' id='word_1_177' title='bbox 1136 3609 1233 3672; x_wconf 88' lang='lat' dir='ltr'>erant</span> <span class='ocrx_word' id='word_1_178' title='bbox 1247 3610 1422 3695; x_wconf 91' lang='lat' dir='ltr'>tempora,</span> 
     </span>
     <span class='ocr_line' id='line_1_27' title="bbox 332 3727 1429 3822; baseline -0.003 -21"><span class='ocrx_word' id='word_1_179' title='bbox 332 3752 412 3801; x_wconf 92' lang='lat' dir='ltr'>oum</span> <span class='ocrx_word' id='word_1_180' title='bbox 438 3751 500 3822; x_wconf 89' lang='lat' dir='ltr'>per</span> <span class='ocrx_word' id='word_1_181' title='bbox 530 3729 660 3798; x_wconf 91' lang='lat' dir='ltr'>bellum</span> <span class='ocrx_word' id='word_1_182' title='bbox 692 3728 905 3797; x_wconf 89' lang='lat' dir='ltr'>messenium</span> <span class='ocrx_word' id='word_1_183' title='bbox 931 3727 1111 3817; x_wconf 84' lang='lat' dir='ltr'>disciplina</span> <span class='ocrx_word' id='word_1_184' title='bbox 1137 3735 1239 3796; x_wconf 91' lang='lat' dir='ltr'>uetus</span> <span class='ocrx_word' id='word_1_185' title='bbox 1273 3728 1429 3799; x_wconf 79' lang='lat' dir='ltr'>infracta</span> 
     </span>
    </p>
   </div>
   <div class='ocr_carea' id='block_1_3' title="bbox 372 3965 780 4155">
    <p class='ocr_par' dir='ltr' id='par_1_5' title="bbox 372 3965 780 4155">
     <span class='ocr_line' id='line_1_28' title="bbox 372 3965 780 4049; baseline -0.01 -18"><span class='ocrx_word' id='word_1_186' title='bbox 372 3972 381 4007; x_wconf 59' lang='lat' dir='ltr'>i</span> <span class='ocrx_word' id='word_1_187' title='bbox 405 3968 452 4031; x_wconf 83' lang='lat' dir='ltr'>ol.</span> <span class='ocrx_word' id='word_1_188' title='bbox 468 3968 550 4043; x_wconf 76' lang='lat' dir='ltr'>iola,</span> <span class='ocrx_word' id='word_1_189' title='bbox 579 3984 644 4049; x_wconf 88' lang='lat' dir='ltr'>pag.</span> <span class='ocrx_word' id='word_1_190' title='bbox 664 3965 701 4027; x_wconf 83' lang='grc'>64</span> <span class='ocrx_word' id='word_1_191' title='bbox 716 3984 780 4047; x_wconf 88' lang='lat' dir='ltr'>sqq.</span> 
     </span>
     <span class='ocr_line' id='line_1_29' title="bbox 372 4072 743 4155; baseline -0.013 -17"><span class='ocrx_word' id='word_1_192' title='bbox 372 4072 384 4111; x_wconf 79' lang='lat'>²</span> <span class='ocrx_word' id='word_1_193' title='bbox 406 4076 454 4138; x_wconf 81' lang='lat' dir='ltr'>ct.</span> <span class='ocrx_word' id='word_1_194' title='bbox 471 4094 550 4155; x_wconf 85' lang='lat' dir='ltr'>sup,</span> <span class='ocrx_word' id='word_1_195' title='bbox 567 4074 603 4137; x_wconf 86' lang='lat' dir='ltr'>ad</span> <span class='ocrx_word' id='word_1_196' title='bbox 618 4092 681 4154; x_wconf 83' lang='lat' dir='ltr'>cap.</span> <span class='ocrx_word' id='word_1_197' title='bbox 701 4074 743 4133; x_wconf 90' lang='lat' dir='ltr'>Il.</span> 
     </span>
    </p>
   </div>
   <div class='ocr_carea' id='block_1_4' title="bbox 0 0 1584 5059">
    <p class='ocr_par' dir='ltr' id='par_1_6' title="bbox 0 0 1584 5059">
     <span class='ocr_line' id='line_1_30' title="bbox 0 0 1584 5059; baseline 0 10"><span class='ocrx_word' id='word_1_198' title='bbox 0 0 1584 5059; x_wconf 95' lang='lat' dir='ltr'> </span> 
     </span>
    </p>
   </div>
  </div>
 </body>
</html>
