3159 5059
610 430 769 493 ..65-

160 571 204 640 de
217 570 320 639 huius
334 569 428 639 modi
442 569 637 641 discrimine
650 570 738 639 inter
749 568 882 638 nobiles
896 572 931 637 et
944 566 1111 657 ignobiles
1125 586 1235 635 noue·

157 703 239 766 runt
256 696 449 767 Herodotus
464 704 497 766 et
510 696 710 786 Xenophon.
729 694 826 773 Quod
839 695 868 764 si
881 693 1068 763 indicatum
1082 693 1124 761 ab
1139 692 1235 761 Aris·

158 821 263 889 tutele
290 820 484 902 credatur‘‚
516 818 559 888 ad
587 839 663 889 eam
690 824 825 889 aetetem
852 819 972 888 attinet
988 817 1147 901 uerbum,
1168 836 1236 907 qua

160 945 290 1014 iamdiu
318 946 458 1015 omnino
486 946 617 1016 turbata
648 966 808 1035 agrorum
840 951 874 1014 et
900 943 1115 1014 fortunarum
1147 943 1236 1011 inter

162 1070 356 1158 Spartanos
374 1070 404 1139 si
418 1070 520 1140 modo
533 1070 596 1139 luit
611 1092 775 1160 unquam,
789 1070 1018 1159 equalitate«
1040 1067 1178 1157 optimis
1199 1090 1233 1148 u,

161 1191 198 1259 id
225 1200 292 1262 est·
306 1193 464 1264 omnibus
493 1196 652 1265 ciuilibus
671 1194 872 1265 muneribus
896 1194 1023 1263 functis
1041 1198 1075 1262 et
1092 1211 1236 1260 censum

161 1316 326 1387 idoneum
344 1321 581 1409 praestantibus
609 1322 741 1391 ciuibus
761 1322 864 1391 curiae
883 1320 995 1389 aditus
1013 1326 1150 1409 apertus
1168 1326 1233 1387 est.

161 1440 243 1509 Haec
258 1449 372 1511 autem
386 1444 565 1513 commoda
583 1466 662 1514 cum
680 1446 883 1535 plerumque
896 1448 1025 1533 epatre
1038 1442 1109 1510 lilio
1124 1447 1236 1510 trans-

160 1566 250 1633 mitti
269 1566 430 1653 solerent,
452 1576 561 1639 ortam
580 1571 742 1660 paulatim
769 1590 846 1639 esse
863 1572 990 1659 Spartae
1015 1566 1236 1638 concedimus

160 1690 386 1774 nobilitatem,
415 1714 490 1782 quae
518 1700 684 1763 nontam
712 1696 814 1784 longe
843 1715 863 1762 a
889 1694 1064 1763 nobilitate
1096 1710 1238 1760 romana

163 1814 371 1885 ahhorreret.
391 1818 456 1887 Sed
470 1839 542 1888 non
555 1822 663 1910 magis
677 1822 804 1910 Sparlae
819 1840 922 1910 quam
940 1821 1055 1888 Rcmae
1073 1818 1165 1886 hunc
1177 1836 1236 1885 cr·

163 1937 281 2009 dinem
312 1941 516 2012 arbitremur
547 1966 568 2013 a
595 1969 613 2011 u
640 1946 767 2036 populo
796 1970 813 2012 »
842 1945 949 2014 luisse
981 1948 1162 2013 secretum.
1197 1942 1238 2009 Et

163 2066 290 2156 Spertae
310 2090 447 2159 quoque
475 2094 492 2137 u
520 2071 623 2140 homo
642 2092 755 2141 nouus
784 2096 802 2138 n
830 2072 916 2140 nihil
935 2069 1141 2161 impediebat
1154 2068 1238 2157 quin

163 2191 199 2260 in
224 2199 421 2262 senatorum
444 2216 626 2266 numerum
647 2198 861 2287 ellegeretur.
886 2198 987 2265 Nulla
1001 2197 1122 2265 sellem
1139 2192 1238 2262 testi·

162 2317 280 2386 monia
297 2318 620 2402 huiceduersantur
633 2323 797 2413 opinioni.

212 2441 293 2518 Quae
325 2462 404 2510 cum
436 2445 483 2512 ile
514 2446 595 2521 sint,
630 2445 776 2533 ephoros
806 2446 876 2514 iem
908 2443 1093 2533 antiquitus
1113 2441 1239 2511 iudicia

162 2563 455 2637 administrauisse
487 2577 533 2653 et,
569 2572 748 2639 imminute
775 2592 896 2661 regum
926 2569 1089 2661 potentia,
1120 2568 1238 2659 pepuli

164 2690 324 2760 mandata
333 2699 511 2763 exsecutos
521 2715 597 2765 esse
608 2716 802 2778 censemus,
820 2716 882 2785 per
896 2700 1054 2764 senatum
1068 2693 1239 2783 praecipue

164 2834 337 2906 expressa.
361 2819 510 2907 Populus
525 2841 607 2890 uero
622 2820 679 2891 ille
700 2820 782 2911 quid
799 2820 891 2889 aliud
910 2827 994 2901 erat,
1011 2818 1078 2887 nisi
1092 2817 1240 2884 militum

165 2960 285 3009 eorum
304 2942 414 3032 copie,
438 2944 510 3033 qui,
533 2951 669 3034 peracta
688 2946 724 3013 in
743 2946 1019 3034 Peloponnesum
1037 2941 1238 3032 irruptione,

164 3065 289 3136 fundos
307 3070 343 3139 in
361 3075 451 3141 terre
469 3071 607 3140 subacta
626 3072 714 3141 inter
732 3092 769 3141 se
783 3070 896 3160 partiti
915 3075 1034 3139 erant?
1058 3069 1241 3157 Postquam

164 3200 279 3263 autem
305 3194 486 3263 constitute
512 3195 576 3263 fuit
602 3216 644 3265 ex
673 3196 727 3265 his
754 3216 809 3264 res
834 3194 982 3285 publica,
1013 3197 1051 3262 ut
1076 3212 1137 3282 par
1154 3196 1238 3276 eret,

166 3337 287 3387 omnes
301 3318 447 3387 ciuitatis
464 3319 556 3388 uires
571 3321 607 3387 in
620 3340 728 3388 unum
743 3320 940 3410 conglobari
955 3319 1120 3389 aduersus
1132 3320 1240 3391 rebel·

165 3442 294 3511 lantem
309 3441 522 3511 deuictorum
540 3410 718 3513 hominum
732 3444 986 3514 multitudinem
1000 3464 1141 3515 necesse
1155 3444 1237 3531 luit3

165 3586 231 3655 qua
263 3565 306 3635 de
339 3587 454 3651 causa,
489 3567 645 3652 fortasse,
680 3570 883 3659 popularem
914 3590 954 3639 ac
981 3572 1240 3638 democraticum

164 3711 341 3781 nunquam
361 3692 410 3761 rei
434 3692 578 3783 publicae
592 3694 738 3763 formam
759 3695 872 3784 adepti
892 3702 970 3765 sunt
986 3696 1153 3786 Spartani,
1178 3694 1240 3765 sed

167 3836 354 3904 paucorum
371 3836 476 3886 manu
490 3792 650 3887 continuo
669 3819 950 3889 exercitationum
963 3819 1079 3889 labore
1096 3819 1238 3889 Laconi·

205 4048 214 4082 ¹
237 4046 345 4120 Arist,
371 4043 450 4119 ΡοΙ.,
467 4046 509 4121 ΙΙ,
526 4044 555 4122 6,
574 4046 620 4109 15.
650 4046 748 4123 ¹270l,
766 4048 817 4118 24,
835 4049 930 4111 Bekk.
948 4048 1015 4110 mai.
1128 4074 1135 4087 ·
