3159 5059
817 496 976 558 „rp-

353 635 406 703 Ad
432 634 663 726 principatum
697 635 868 703 Caesarum
900 632 1108 705 descendere
1142 640 1176 703 at
1206 634 1250 703 ad
1278 636 1439 704 «amicos

351 761 496 850 Augusti
517 784 534 826 r>
565 760 720 829 animum
738 759 866 829 referre
885 758 986 828 debet
1000 760 1059 849 qui
1074 757 1325 849 delegationem
1339 762 1435 830 eius-

350 886 445 954 modi
465 907 484 955 a
502 886 655 975 principe
670 884 858 974 proiectam
879 884 1010 974 quaerit.

396 1009 458 1077 Hic
486 1013 599 1077 tamen
622 1007 814 1076 Aristotelis
839 1006 1073 1075 consideretur
1091 1004 1205 1075 loous¹
1230 1028 1298 1097 quo
1328 1030 1431 1077 cnon

348 1130 1429 1225 ephorisapatrihusrationesreddiasseriteterrarequitantam

347 1259 484 1349 ephoris
502 1263 705 1348 potestatem
723 1257 849 1325 tribuat
865 1280 897 1323 r.
917 1256 999 1324 lnde
1019 1257 1188 1347 sequitur,
1210 1258 1239 1326 si
1255 1258 1297 1325 ab
1312 1259 1429 1328 inere-

346 1383 471 1453 mentis
491 1382 674 1471 ephenetus
697 1380 853 1450 eiusdem
872 1380 1060 1470 primordia
1083 1382 1308 1468 aestimantur,
1336 1382 1430 1451 hunc

346 1508 459 1596 potius
474 1527 515 1575 ex
528 1504 666 1574 arbitrio
682 1510 820 1573 senatus
838 1525 942 1594 quam
961 1526 1082 1593 regum
1094 1506 1311 1595 pependisse.

393 1632 434 1699 Ut
448 1630 581 1698 facilius
595 1628 850 1717 intellegeretur
869 1628 961 1697 unde
977 1635 1050 1697 orta
1064 1634 1155 1697 esset
1168 1650 1210 1697 aa
1224 1630 1420 1712 auotoritas,

345 1776 413 1845 qua
447 1755 629 1843 collegium
662 1754 746 1822 illud
779 1754 816 1820 in
848 1754 941 1821 omni
973 1774 1011 1822 re
1043 1753 1180 1843 publica
1211 1754 1427 1844 inspicienda

342 1880 513 1963 utebatur,
544 1879 640 1947 fuere
668 1878 727 1967 qui
754 1875 970 1947 conicerent²
1000 1878 1087 1966 lege,
1121 1880 1249 1947 incerto
1268 1886 1425 1969 ternpore

342 2005 421 2088 lata,
451 2005 591 2073 fortasse
616 2010 692 2093 post
717 2002 1051 2072 seeundumhellum
1066 2006 1277 2072 messenium
1290 2011 1324 2074 et
1343 2011 1423 2073 ante

340 2149 485 2217 regnum
513 2127 761 2197 Anaxandridae
790 2134 823 2195 et
850 2127 1029 2210 Aristonis,
1061 2126 1199 2215 regibus
1217 2128 1425 2219 imperatum

342 2270 417 2321 esse
432 2258 470 2320 ut
489 2272 624 2342 semper
639 2251 931 2320 consentientibus
951 2250 1074 2319 animis
1089 2258 1273 2321 tractarent
1285 2254 1423 2343 negotia

342 2396 418 2465 quae
434 2375 477 2443 ad
496 2396 569 2444 rem
588 2374 760 2466 publicam
780 2376 988 2463 pertinerent
1002 2382 1035 2443 et
1050 2375 1130 2443 inde
1145 2377 1303 2446 euenisse
1323 2385 1361 2445 ut
1379 2400 1423 2447 ex

340 2501 406 2568 alia
429 2502 517 2589 lege,
540 2522 618 2569 cum
645 2502 785 2570 minime
805 2502 993 2570 concordes
1012 2522 1110 2590 reges
1135 2510 1261 2587 essent,
1284 2503 1417 2592 ephori,

338 2631 456 2714 utpote
486 2646 604 2693 eorum
632 2626 764 2710 alcarii,
795 2626 968 2693 ciuitatem
997 2625 1226 2713 gubernarent
1253 2626 1419 2716 quamdiu

338 2755 454 2818 contra
468 2748 603 2819 decreta
614 2751 867 2840 protraheretur
880 2770 1001 2838 regum
1017 2748 1215 2819 discidium.

387 2875 434 2943 De
458 2874 571 2964 priore
590 2875 666 2963 lege
691 2874 776 2941 nihil
801 2872 892 2963 apud
911 2879 1045 2942 ueteres
1059 2877 1179 2952 exstat,
1201 2874 1267 2941 nisi
1282 2875 1326 2943 ad
1340 2897 1418 2945 eam

335 2998 503 3068 referatur
529 3001 621 3090 quod
647 3000 847 3069 Aristoteles
875 3000 978 3067 dixit:
1005 2999 1251 3069 «Discordiam
1279 3022 1414 3090 regum,

335 3124 460 3192 iudicio
474 3125 729 3214 Spartanorum,
744 3124 890 3192 ciuitatis
902 3124 1113 3193 stabiliendae
1124 3125 1292 3194 rationem
1304 3147 1417 3214 quau-

334 3249 413 3317 dam
432 3246 529 3318 esse3
547 3273 579 3316 r.
603 3250 674 3317 Hoc
693 3250 846 3339 proiecto
877 3248 1005 3317 dictum
1033 3249 1232 3338 ambiguum
1260 3257 1324 3337 est,
1350 3273 1418 3321 nec

333 3355 460 3443 certam
474 3374 587 3463 legem
606 3374 800 3441 necessario
816 3372 995 3462 designare
1015 3372 1165 3442 uidetur.

380 3499 427 3567 lle
441 3498 628 3587 posteriore
649 3502 763 3565 autem
785 3497 875 3585 lege,
900 3516 1004 3586 quarn
1018 3502 1057 3564 ut
1070 3501 1225 3584 rogatam
1240 3516 1316 3565 esse
1336 3518 1415 3568 ore-

369 3731 378 3764 ¹
401 3730 509 3803 Arist,
528 3726 608 3799 Pol,
627 3728 669 3801 ll,
687 3726 715 3800 6,
733 3726 782 3787 18,
804 3725 903 3799 12712,
920 3725 986 3787 6-7.
1005 3724 1102 3787 Bahh.
1116 3730 1186 3786 mai.

369 3834 381 3872 ²
398 3837 530 3912 dnum,
543 3835 678 3896 Elntsteh.
692 3834 751 3895 und
764 3833 982 3896 Elntwiohldes
995 3833 1131 3913 Spartan.
1142 3832 1270 3913 Ephor.‚
1283 3852 1349 3915 pag.
1360 3836 1407 3897 92.

328 3941 375 4003 Ol.
393 3958 459 4021 pag.
477 3937 572 4001 81-89
590 3948 617 4001 et
634 3958 697 4018 pag.
715 3939 752 4001 94
769 3957 833 4019 sqq.

364 4048 377 4087 ³
398 4048 507 4123 Arist,
522 4048 600 4121 Pol,
619 4050 661 4122 ll,
673 4048 701 4122 6,
717 4048 766 4110 ἳθ.
785 4048 885 4121 latta,
903 4046 1007 4109 25-26.
1027 4046 1122 4107 Behk.
1141 4050 1209 4109 mai.
1227 4054 1410 4131 κιίσωτηρίαν

321 4164 428 4241 ἐνόμιζον
442 4166 474 4239 vast
487 4163 557 4219 πόλει
571 4158 631 4219 εἶναι
645 4166 786 4227 στασιάζειν
802 4165 858 4225 τοὺς
873 4161 993 4235 βασιλεῖς.
