3159 5059
610 488 649 499 ..
670 453 708 515 49
731 486 769 499 .-

153 611 194 659 ec
223 590 401 659 adnectam
426 611 443 657 o
470 592 565 658 Creta
586 595 619 657 et
639 588 717 658 inde
745 591 899 678 Spartam
925 586 1105 655 aduenisse
1134 585 1234 652 deam

154 736 262 805 prope
286 720 337 784 est
361 714 571 819 fidem4Nec
599 714 641 782 ah
670 712 870 802 Epimenide
888 712 1038 782 Cretensi
1068 709 1233 800 supersti-

153 843 284 911 tionem
297 841 386 910 hanc
402 842 554 932 Spartam
570 862 646 911 esse
660 842 858 911 translatam
872 860 952 907 oum
965 836 1131 907 Urlichsio
1146 834 1232 904 affir-

154 965 315 1035 marim⁴.
334 966 421 1045 Quid
441 967 533 1035 enim
554 966 595 1036 de
615 966 815 1055 Epimenide
834 965 917 1034 certi
934 962 1113 1046 habemus,
1131 981 1234 1051 quem

152 1096 258 1164 etiam
272 1099 521 1162 commoratum
543 1095 670 1184 Spartae
689 1115 765 1163 esse
784 1094 821 1161 in
838 1093 982 1162 dubium
1004 1090 1183 1160 adducitur
1194 1085 1232 1156 ²?

150 1221 373 1309 Exploratum
406 1218 471 1288 hoc
498 1224 629 1287 tantum
663 1224 838 1304 seruetur,
874 1216 1111 1307 antiquissima
1144 1214 1234 1283 culta

148 1346 259 1413 fuisse
281 1344 464 1433 Pasiphaes
484 1346 519 1413 in
542 1345 708 1414 Laconica
726 1364 836 1428 sacra,
860 1350 893 1413 et
911 1344 984 1412 haec
1010 1344 1147 1431 ephoris
1170 1342 1233 1413 ad·

154 1470 245 1538 dicta
262 1469 380 1539 luisse.
404 1471 504 1539 Haud
525 1472 664 1554 mirum,
688 1472 841 1560 insuper,
859 1468 901 1536 ah
920 1469 1041 1537 ultima
1064 1473 1233 1537 uetustate

154 1595 328 1683 Spartanis
339 1600 373 1664 et
382 1596 598 1665 Cretensibus
613 1568 833 1665 communem
842 1595 949 1664 fuisse
960 1596 1106 1682 cultum3
1119 1615 1234 1664 nonne

151 1719 305 1787 doricam
320 1726 456 1807 gentem
470 1722 506 1787 in
520 1722 616 1789 Creta
630 1742 728 1789 suam
743 1722 791 1789 rei
803 1720 949 1809 publicae
964 1719 1111 1789 formam
1125 1720 1233 1787 multo

150 1850 231 1913 ante
254 1844 437 1933 Spartanos
463 1852 597 1913 nactam
624 1865 701 1914 esse
728 1852 761 1913 et
786 1846 1038 1928 Althamenem‚
1065 1845 1124 1934 qui
1143 1844 1233 1933 apud

152 1970 331 2038 Cretenses
356 1970 474 2057 legum
498 1977 613 2038 auctor
637 1970 847 2059 perhibetur,
873 1975 1032 2060 quattuor
1054 1969 1234 2037 hominum

150 2093 308 2161 aetatihus
332 2093 498 2162 maiorem
523 2095 677 2183 Lycurgo
703 2096 858 2163 omnium
878 2101 1036 2163 ueterum
1062 2113 1233 2162 consensu

148 2217 313 2287 traditum
326 2214 427 2286 est³?

202 2342 290 2410 lllud
312 2348 428 2411 contra
442 2343 638 2411 mirandum
652 2351 754 2429 esset,
778 2346 806 2413 si
826 2366 946 2435 regum
960 2344 1099 2413 uicariis
1116 2343 1159 2412 ad
1173 2345 1231 2411 Pa-

152 2466 290 2556 siphaes
312 2486 406 2533 aram
428 2467 600 2556 peculiare
624 2468 853 2538 sacerdotium
879 2469 1012 2552 fuisset,
1034 2490 1114 2538 cum
1134 2488 1233 2557 reges

150 2591 366 2679 gentilicium
398 2611 539 2676 numen,
567 2593 761 2682 Apollinem
795 2595 954 2682 Pythium
986 2601 1233 2664 uenerarentur

150 2722 184 2785 et
207 2716 334 2783 missos
355 2715 490 2803 publice
506 2716 548 2783 ad
566 2717 715 2805 Delphos
735 2719 867 2805 legatos
885 2718 1061 2807 eligerent.
1079 2720 1160 2797 Qua
1179 2719 1232 2787 fa-

149 2840 275 2909 miliari
301 2845 334 2909 et
357 2840 562 2910 hereditario
582 2841 656 2910 iure
681 2843 871 2911 sacerdotia
899 2844 1115 2927 exercebant,
1142 2844 1232 2915 Iovis

147 2963 294 3032 laconici
318 2970 351 3031 et
381 2964 471 3034 lovis
488 2962 669 3049 caelestis⁴,
692 2966 733 3035 ah
763 2972 900 3037 assueto
920 2968 1058 3057 ephoris
1086 2969 1180 3037 cultu
1199 2974 1233 3037 et

148 3090 289 3158 oraculo
314 3088 488 3158 differunt.
517 3090 555 3157 ln
575 3089 641 3173 his,
660 3089 703 3158 ad
724 3111 909 3176 summam,
929 3114 1004 3182 quae
1028 3093 1071 3161 ad
1092 3094 1231 3183 religio-

189 3332 196 3364 ¹
225 3328 355 3402 Urlichs,
376 3326 486 3388 Rhein.
503 3326 583 3387 Mus.
600 3326 664 3387 fuer
680 3325 805 3400 Philol.,
822 3336 894 3389 tom.
911 3328 968 3403 Vl,
990 3347 1054 3409 pag.
1072 3329 1130 3391 224
1156 3347 1224 3412 sqq.

186 3435 198 3472 ²
219 3437 312 3510 Dum,
330 3434 465 3497 Elntsteh.
483 3433 543 3495 und
558 3434 715 3497 llutwickl.
732 3434 783 3497 dos
800 3438 941 3517 Spartan.
958 3438 1085 3517 Ephor.‚
1107 3456 1173 3519 pag.
1190 3440 1225 3502 21

143 3562 209 3625 sqq.
235 3543 283 3606 of.
300 3560 366 3623 pag.
382 3543 432 3605 25.

181 3652 194 3690 ³
220 3652 268 3715 Ol.
283 3652 456 3728 Hermone,
474 3653 631 3717 hehrhuch
650 3654 702 3716 der
714 3653 892 3735 griechisch.
905 3653 1120 3717 Staatsalterth.
1137 3653 1231 3716 ldnite

141 3760 239 3833 And„
257 3760 346 3838 1881,
359 3778 384 3823 c.
398 3761 431 3823 al
441 3762 486 3837 ‚73
501 3772 529 3824 et
542 3764 651 3843 Meyer,
662 3765 718 3825 Die
733 3762 951 3825 Elatwicklder
962 3762 1122 3825 Ueberliel.
1135 3761 1226 3825 nabor

141 3868 189 3930 die
201 3869 329 3947 Lycurg.
342 3869 474 3933 Verlass.
487 3870 597 3933 Rhein.
611 3872 689 3933 Mus.
706 3871 772 3933 fuer
783 3870 908 3946 Philet,
919 3869 1125 3947 tom.xn1,4‚
1137 3868 1224 3944 1886,

144 3992 211 4055 pag.
228 3973 298 4036 563.

185 4080 198 4120 ⁴
221 4082 346 4154 181011,Ι
370 4080 425 4145 v1.
451 4081 500 4145 574
