<?xml version="1.0" encoding="UTF-8"?>
<!DOCTYPE html PUBLIC "-//W3C//DTD XHTML 1.0 Transitional//EN"
    "http://www.w3.org/TR/xhtml1/DTD/xhtml1-transitional.dtd">
<html xmlns="http://www.w3.org/1999/xhtml" xml:lang="en" lang="en">
 <head>
  <title>
</title>
<meta http-equiv="Content-Type" content="text/html;charset=utf-8" />
  <meta name='ocr-system' content='tesseract 3.04.00' />
  <meta name='ocr-capabilities' content='ocr_page ocr_carea ocr_par ocr_line ocrx_word'/>
</head>
<body>
  <div class='ocr_page' id='page_1' title='image "./deephorissparta00gachgoog_0046.png"; bbox 0 0 3159 5059; ppageno 0'>
   <div class='ocr_carea' id='block_1_1' title="bbox 341 414 1433 3398">
    <p class='ocr_par' dir='ltr' id='par_1_1' title="bbox 800 414 960 480">
     <span class='ocr_line' id='line_1_1' title="bbox 800 414 960 480; baseline -0.006 -18"><span class='ocrx_word' id='word_1_1' title='bbox 800 449 840 462; x_wconf 88' lang='lat'><em>-</em></span> <span class='ocrx_word' id='word_1_2' title='bbox 861 414 899 480; x_wconf 72' lang='lat'>34</span> <span class='ocrx_word' id='word_1_3' title='bbox 920 449 960 461; x_wconf 91' lang='lat'>..</span> 
     </span>
    </p>

    <p class='ocr_par' dir='ltr' id='par_1_2' title="bbox 341 549 1427 1522">
     <span class='ocr_line' id='line_1_2' title="bbox 345 549 1422 643; baseline -0.004 -20"><span class='ocrx_word' id='word_1_4' title='bbox 345 556 517 624; x_wconf 88' lang='lat' dir='ltr'>inclusum</span> <span class='ocrx_word' id='word_1_5' title='bbox 532 554 575 623; x_wconf 89' lang='lat' dir='ltr'>ad</span> <span class='ocrx_word' id='word_1_6' title='bbox 595 554 734 623; x_wconf 88' lang='lat' dir='ltr'>laudem</span> <span class='ocrx_word' id='word_1_7' title='bbox 754 554 899 643; x_wconf 81' lang='lat' dir='ltr'>Lycurgi</span> <span class='ocrx_word' id='word_1_8' title='bbox 918 553 1048 623; x_wconf 91' lang='lat' dir='ltr'>editum</span> <span class='ocrx_word' id='word_1_9' title='bbox 1061 554 1163 642; x_wconf 90' lang='lat' dir='ltr'>leget,</span> <span class='ocrx_word' id='word_1_10' title='bbox 1185 549 1291 641; x_wconf 90' lang='lat' dir='ltr'>quod,</span> <span class='ocrx_word' id='word_1_11' title='bbox 1307 555 1422 621; x_wconf 78' lang='lat' dir='ltr'>utlld.</span> 
     </span>
     <span class='ocr_line' id='line_1_3' title="bbox 342 678 1427 769; baseline -0.003 -22"><span class='ocrx_word' id='word_1_12' title='bbox 342 684 450 764; x_wconf 78' lang='lat' dir='ltr'>Meyer</span> <span class='ocrx_word' id='word_1_13' title='bbox 469 682 614 767; x_wconf 85' lang='lat' dir='ltr'>monuit,</span> <span class='ocrx_word' id='word_1_14' title='bbox 641 681 764 751; x_wconf 91' lang='lat' dir='ltr'>additis</span> <span class='ocrx_word' id='word_1_15' title='bbox 785 678 990 769; x_wconf 87' lang='lat' dir='ltr'>quibusdam</span> <span class='ocrx_word' id='word_1_16' title='bbox 1014 678 1174 750; x_wconf 90' lang='lat' dir='ltr'>uersibus</span> <span class='ocrx_word' id='word_1_17' title='bbox 1193 679 1229 746; x_wconf 93' lang='lat' dir='ltr'>in</span> <span class='ocrx_word' id='word_1_18' title='bbox 1251 678 1427 767; x_wconf 82' lang='lat' dir='ltr'><strong>Ephorum</strong></span> 
     </span>
     <span class='ocr_line' id='line_1_4' title="bbox 341 796 1427 891; baseline -0.003 -19"><span class='ocrx_word' id='word_1_19' title='bbox 341 805 475 875; x_wconf 88' lang='lat' dir='ltr'>transiit</span> <span class='ocrx_word' id='word_1_20' title='bbox 495 811 527 875; x_wconf 92' lang='lat' dir='ltr'>et</span> <span class='ocrx_word' id='word_1_21' title='bbox 541 796 622 875; x_wconf 89' lang='lat' dir='ltr'>inde</span> <span class='ocrx_word' id='word_1_22' title='bbox 636 806 673 873; x_wconf 93' lang='lat' dir='ltr'>in</span> <span class='ocrx_word' id='word_1_23' title='bbox 686 803 876 875; x_wconf 75' lang='lat' dir='ltr'>diodorum</span> <span class='ocrx_word' id='word_1_24' title='bbox 889 810 924 874; x_wconf 95' lang='lat' dir='ltr'>et</span> <span class='ocrx_word' id='word_1_25' title='bbox 946 803 1176 887; x_wconf 82' lang='lat' dir='ltr'>Plutarchum,</span> <span class='ocrx_word' id='word_1_26' title='bbox 1198 800 1357 891; x_wconf 89' lang='lat' dir='ltr'>quamuis</span> <span class='ocrx_word' id='word_1_27' title='bbox 1369 800 1427 869; x_wconf 89' lang='lat' dir='ltr'>hic</span> 
     </span>
     <span class='ocr_line' id='line_1_5' title="bbox 344 926 1427 1021; baseline -0.003 -24"><span class='ocrx_word' id='word_1_28' title='bbox 344 949 415 998; x_wconf 93' lang='lat' dir='ltr'>non</span> <span class='ocrx_word' id='word_1_29' title='bbox 434 930 475 999; x_wconf 90' lang='lat' dir='ltr'>ah</span> <span class='ocrx_word' id='word_1_30' title='bbox 496 932 630 1021; x_wconf 86' lang='lat' dir='ltr'>Ephoro</span> <span class='ocrx_word' id='word_1_31' title='bbox 650 932 726 1021; x_wconf 92' lang='lat' dir='ltr'>ipso</span> <span class='ocrx_word' id='word_1_32' title='bbox 745 930 902 999; x_wconf 80' lang='lat' dir='ltr'>hausisse</span> <span class='ocrx_word' id='word_1_33' title='bbox 919 930 1090 1013; x_wconf 86' lang='lat' dir='ltr'>uideatur,</span> <span class='ocrx_word' id='word_1_34' title='bbox 1113 929 1194 1019; x_wconf 89' lang='lat' dir='ltr'>quia</span> <span class='ocrx_word' id='word_1_35' title='bbox 1215 926 1336 997; x_wconf 90' lang='lat' dir='ltr'>eadem</span> <span class='ocrx_word' id='word_1_36' title='bbox 1353 926 1427 996; x_wconf 83' lang='lat' dir='ltr'>iere</span> 
     </span>
     <span class='ocr_line' id='line_1_6' title="bbox 345 1048 1422 1148; baseline -0.005 -25"><span class='ocrx_word' id='word_1_37' title='bbox 345 1054 459 1141; x_wconf 89' lang='lat' dir='ltr'>tradit,</span> <span class='ocrx_word' id='word_1_38' title='bbox 485 1058 545 1127; x_wconf 88' lang='lat' dir='ltr'>sed</span> <span class='ocrx_word' id='word_1_39' title='bbox 560 1077 601 1127; x_wconf 89' lang='lat' dir='ltr'>ea</span> <span class='ocrx_word' id='word_1_40' title='bbox 614 1078 719 1148; x_wconf 89' lang='lat' dir='ltr'>prosa</span> <span class='ocrx_word' id='word_1_41' title='bbox 733 1055 886 1128; x_wconf 89' lang='lat' dir='ltr'>oratione</span> <span class='ocrx_word' id='word_1_42' title='bbox 898 1057 1117 1147; x_wconf 91' lang='lat' dir='ltr'>pronuntiata</span> <span class='ocrx_word' id='word_1_43' title='bbox 1126 1054 1233 1123; x_wconf 89' lang='lat' dir='ltr'>fuisse</span> <span class='ocrx_word' id='word_1_44' title='bbox 1246 1048 1422 1121; x_wconf 83' lang='lat' dir='ltr'>declarat&#39;.</span> 
     </span>
     <span class='ocr_line' id='line_1_7' title="bbox 345 1162 1427 1272; baseline -0.005 -25"><span class='ocrx_word' id='word_1_45' title='bbox 345 1180 500 1269; x_wconf 82' lang='lat' dir='ltr'>Namque</span> <span class='ocrx_word' id='word_1_46' title='bbox 519 1162 561 1249; x_wconf 87' lang='lat' dir='ltr'>ah</span> <span class='ocrx_word' id='word_1_47' title='bbox 581 1182 715 1272; x_wconf 88' lang='lat' dir='ltr'>Ephoro</span> <span class='ocrx_word' id='word_1_48' title='bbox 734 1180 886 1271; x_wconf 87' lang='lat' dir='ltr'>proiecta</span> <span class='ocrx_word' id='word_1_49' title='bbox 904 1200 981 1249; x_wconf 91' lang='lat' dir='ltr'>esse</span> <span class='ocrx_word' id='word_1_50' title='bbox 994 1170 1115 1248; x_wconf 82' lang='lat' dir='ltr'>cunc&#39;ta</span> <span class='ocrx_word' id='word_1_51' title='bbox 1133 1199 1209 1269; x_wconf 83' lang='lat' dir='ltr'>quae</span> <span class='ocrx_word' id='word_1_52' title='bbox 1226 1176 1270 1245; x_wconf 92' lang='lat' dir='ltr'>de</span> <span class='ocrx_word' id='word_1_53' title='bbox 1293 1180 1427 1265; x_wconf 91' lang='lat' dir='ltr'>sparta-</span> 
     </span>
     <span class='ocr_line' id='line_1_8' title="bbox 344 1306 1426 1397; baseline -0.002 -24"><span class='ocrx_word' id='word_1_54' title='bbox 344 1306 398 1374; x_wconf 88' lang='lat' dir='ltr'>nis</span> <span class='ocrx_word' id='word_1_55' title='bbox 416 1306 520 1377; x_wconf 89' lang='lat' dir='ltr'>rebus</span> <span class='ocrx_word' id='word_1_56' title='bbox 535 1307 669 1397; x_wconf 89' lang='lat' dir='ltr'>prodita</span> <span class='ocrx_word' id='word_1_57' title='bbox 692 1314 774 1376; x_wconf 90' lang='lat' dir='ltr'>sunt</span> <span class='ocrx_word' id='word_1_58' title='bbox 800 1315 920 1397; x_wconf 89' lang='lat' dir='ltr'>quarto</span> <span class='ocrx_word' id='word_1_59' title='bbox 939 1307 1064 1376; x_wconf 81' lang='lat' dir='ltr'>saeculo</span> <span class='ocrx_word' id='word_1_60' title='bbox 1082 1310 1144 1374; x_wconf 71' lang='lat' dir='ltr'>lid.</span> <span class='ocrx_word' id='word_1_61' title='bbox 1166 1310 1287 1389; x_wconf 62' lang='lat' dir='ltr'>Meyer,</span> <span class='ocrx_word' id='word_1_62' title='bbox 1308 1307 1426 1371; x_wconf 91' lang='lat' dir='ltr'>nostro</span> 
     </span>
     <span class='ocr_line' id='line_1_9' title="bbox 347 1429 1217 1522; baseline -0.001 -23"><span class='ocrx_word' id='word_1_63' title='bbox 347 1430 489 1520; x_wconf 92' lang='lat' dir='ltr'>quidem</span> <span class='ocrx_word' id='word_1_64' title='bbox 507 1432 646 1517; x_wconf 89' lang='lat' dir='ltr'>iudicio,</span> <span class='ocrx_word' id='word_1_65' title='bbox 669 1434 921 1522; x_wconf 78' lang='lat' dir='ltr'>elegantissime</span> <span class='ocrx_word' id='word_1_66' title='bbox 940 1429 1217 1502; x_wconf 76' lang='lat' dir='ltr'>demonstravit².</span> 
     </span>
    </p>

    <p class='ocr_par' dir='ltr' id='par_1_3' title="bbox 348 1554 1431 2157">
     <span class='ocr_line' id='line_1_10' title="bbox 395 1554 1431 1649; baseline -0.006 -24"><span class='ocrx_word' id='word_1_67' title='bbox 395 1556 476 1634; x_wconf 85' lang='lat' dir='ltr'>Quae</span> <span class='ocrx_word' id='word_1_68' title='bbox 493 1566 683 1647; x_wconf 90' lang='lat' dir='ltr'>sequuntur</span> <span class='ocrx_word' id='word_1_69' title='bbox 698 1557 789 1649; x_wconf 92' lang='lat' dir='ltr'>apud</span> <span class='ocrx_word' id='word_1_70' title='bbox 802 1558 990 1627; x_wconf 90' lang='lat' dir='ltr'>Diodorum</span> <span class='ocrx_word' id='word_1_71' title='bbox 1014 1564 1048 1627; x_wconf 90' lang='lat' dir='ltr'>et</span> <span class='ocrx_word' id='word_1_72' title='bbox 1070 1558 1255 1627; x_wconf 82' lang='lat' dir='ltr'>Eusebium</span> <span class='ocrx_word' id='word_1_73' title='bbox 1278 1554 1431 1623; x_wconf 90' lang='lat' dir='ltr'>carmina</span> 
     </span>
     <span class='ocr_line' id='line_1_11' title="bbox 348 1681 1429 1773; baseline -0.004 -24"><span class='ocrx_word' id='word_1_74' title='bbox 348 1700 389 1749; x_wconf 93' lang='lat' dir='ltr'>eo</span> <span class='ocrx_word' id='word_1_75' title='bbox 408 1683 517 1773; x_wconf 88' lang='lat' dir='ltr'>magis</span> <span class='ocrx_word' id='word_1_76' title='bbox 533 1683 576 1752; x_wconf 91' lang='lat' dir='ltr'>ad</span> <span class='ocrx_word' id='word_1_77' title='bbox 590 1684 746 1753; x_wconf 88' lang='lat' dir='ltr'>eamdem</span> <span class='ocrx_word' id='word_1_78' title='bbox 766 1686 933 1773; x_wconf 82' lang='lat' dir='ltr'>originem</span> <span class='ocrx_word' id='word_1_79' title='bbox 950 1683 1146 1766; x_wconf 89' lang='lat' dir='ltr'>reuocanda</span> <span class='ocrx_word' id='word_1_80' title='bbox 1164 1681 1337 1763; x_wconf 88' lang='lat' dir='ltr'>uidentur,</span> <span class='ocrx_word' id='word_1_81' title='bbox 1359 1698 1429 1767; x_wconf 93' lang='lat' dir='ltr'>quo</span> 
     </span>
     <span class='ocr_line' id='line_1_12' title="bbox 349 1805 1428 1899; baseline -0.003 -26"><span class='ocrx_word' id='word_1_82' title='bbox 349 1805 490 1877; x_wconf 88' lang='lat' dir='ltr'>uberius</span> <span class='ocrx_word' id='word_1_83' title='bbox 500 1808 641 1877; x_wconf 90' lang='lat' dir='ltr'>laudant</span> <span class='ocrx_word' id='word_1_84' title='bbox 650 1809 858 1899; x_wconf 88' lang='lat' dir='ltr'>Tyndaridas</span> <span class='ocrx_word' id='word_1_85' title='bbox 868 1816 902 1880; x_wconf 93' lang='lat' dir='ltr'>et</span> <span class='ocrx_word' id='word_1_86' title='bbox 915 1811 1108 1879; x_wconf 89' lang='lat' dir='ltr'>Menelaum</span> <span class='ocrx_word' id='word_1_87' title='bbox 1118 1815 1151 1879; x_wconf 90' lang='lat' dir='ltr'>et</span> <span class='ocrx_word' id='word_1_88' title='bbox 1161 1809 1318 1897; x_wconf 91' lang='lat' dir='ltr'>antiquos</span> <span class='ocrx_word' id='word_1_89' title='bbox 1328 1806 1428 1871; x_wconf 91' lang='lat' dir='ltr'>Lace-</span> 
     </span>
     <span class='ocr_line' id='line_1_13' title="bbox 352 1929 1429 2025; baseline -0.004 -27"><span class='ocrx_word' id='word_1_90' title='bbox 352 1930 597 2001; x_wconf 84' lang='lat' dir='ltr'>daemoniorum</span> <span class='ocrx_word' id='word_1_91' title='bbox 611 1935 733 2003; x_wconf 87' lang='lat' dir='ltr'>heroas</span> <span class='ocrx_word' id='word_1_92' title='bbox 744 1936 803 2024; x_wconf 92' lang='lat' dir='ltr'>qui</span> <span class='ocrx_word' id='word_1_93' title='bbox 816 1935 944 2025; x_wconf 80' lang='lat' dir='ltr'>duplici</span> <span class='ocrx_word' id='word_1_94' title='bbox 959 1956 1079 2024; x_wconf 91' lang='lat' dir='ltr'>regum</span> <span class='ocrx_word' id='word_1_95' title='bbox 1093 1934 1190 2023; x_wconf 92' lang='lat' dir='ltr'>stirpi</span> <span class='ocrx_word' id='word_1_96' title='bbox 1204 1932 1321 2000; x_wconf 89' lang='lat' dir='ltr'>fauere</span> <span class='ocrx_word' id='word_1_97' title='bbox 1335 1929 1429 1997; x_wconf 82' lang='lat' dir='ltr'>exis-</span> 
     </span>
     <span class='ocr_line' id='line_1_14' title="bbox 349 2057 1172 2157; baseline 0.002 -32"><span class='ocrx_word' id='word_1_98' title='bbox 349 2057 566 2142; x_wconf 89' lang='lat' dir='ltr'>timabantur,</span> <span class='ocrx_word' id='word_1_99' title='bbox 583 2080 647 2129; x_wconf 92' lang='lat' dir='ltr'>nec</span> <span class='ocrx_word' id='word_1_100' title='bbox 666 2060 780 2129; x_wconf 90' lang='lat' dir='ltr'>minus</span> <span class='ocrx_word' id='word_1_101' title='bbox 800 2069 977 2157; x_wconf 75' lang='grc' dir='ltr'>θεοτιμήτους</span> <span class='ocrx_word' id='word_1_102' title='bbox 991 2057 1172 2153; x_wconf 48' lang='lat' dir='ltr'>destined.</span> 
     </span>
    </p>

    <p class='ocr_par' dir='ltr' id='par_1_4' title="bbox 350 2178 1431 2773">
     <span class='ocr_line' id='line_1_15' title="bbox 397 2178 1429 2277; baseline -0.003 -28"><span class='ocrx_word' id='word_1_103' title='bbox 397 2183 495 2251; x_wconf 91' lang='lat' dir='ltr'>Nunc</span> <span class='ocrx_word' id='word_1_104' title='bbox 513 2178 710 2255; x_wconf 89' lang='lat' dir='ltr'>meminisse</span> <span class='ocrx_word' id='word_1_105' title='bbox 730 2193 862 2277; x_wconf 91' lang='lat' dir='ltr'>oportet</span> <span class='ocrx_word' id='word_1_106' title='bbox 881 2210 958 2277; x_wconf 82' lang='lat' dir='ltr'>quae</span> <span class='ocrx_word' id='word_1_107' title='bbox 984 2187 1026 2257; x_wconf 92' lang='lat' dir='ltr'>de</span> <span class='ocrx_word' id='word_1_108' title='bbox 1053 2184 1217 2255; x_wconf 83' lang='lat' dir='ltr'>Herodoti</span> <span class='ocrx_word' id='word_1_109' title='bbox 1235 2179 1429 2248; x_wconf 90' lang='lat' dir='ltr'>narratione</span> 
     </span>
     <span class='ocr_line' id='line_1_16' title="bbox 350 2304 1431 2401; baseline -0.006 -26"><span class='ocrx_word' id='word_1_110' title='bbox 350 2326 454 2397; x_wconf 89' lang='lat' dir='ltr'>supra</span> <span class='ocrx_word' id='word_1_111' title='bbox 474 2306 640 2378; x_wconf 74' lang='lat' dir='ltr'>diximus*</span> <span class='ocrx_word' id='word_1_112' title='bbox 655 2334 662 2377; x_wconf 91' lang='lat'>:</span> <span class='ocrx_word' id='word_1_113' title='bbox 680 2332 804 2401; x_wconf 87' lang='lat' dir='ltr'>nempe</span> <span class='ocrx_word' id='word_1_114' title='bbox 830 2333 901 2380; x_wconf 92' lang='lat' dir='ltr'>non</span> <span class='ocrx_word' id='word_1_115' title='bbox 919 2333 982 2381; x_wconf 92' lang='lat' dir='ltr'>sua</span> <span class='ocrx_word' id='word_1_116' title='bbox 1009 2315 1129 2401; x_wconf 90' lang='lat' dir='ltr'>sponte</span> <span class='ocrx_word' id='word_1_117' title='bbox 1158 2306 1260 2375; x_wconf 86' lang='lat' dir='ltr'>tradit</span> <span class='ocrx_word' id='word_1_118' title='bbox 1285 2304 1431 2391; x_wconf 90' lang='lat' dir='ltr'>scriptor</span> 
     </span>
     <span class='ocr_line' id='line_1_17' title="bbox 350 2428 1431 2522; baseline -0.006 -24"><span class='ocrx_word' id='word_1_119' title='bbox 350 2431 543 2520; x_wconf 85' lang='lat' dir='ltr'>Lycurgum</span> <span class='ocrx_word' id='word_1_120' title='bbox 562 2440 726 2522; x_wconf 80' lang='lat' dir='ltr'>spartanae</span> <span class='ocrx_word' id='word_1_121' title='bbox 746 2436 996 2504; x_wconf 90' lang='lat' dir='ltr'>constitutionis</span> <span class='ocrx_word' id='word_1_122' title='bbox 1015 2433 1230 2503; x_wconf 91' lang='lat' dir='ltr'>conditorem</span> <span class='ocrx_word' id='word_1_123' title='bbox 1244 2428 1431 2512; x_wconf 87' lang='lat' dir='ltr'>salutatum</span> 
     </span>
     <span class='ocr_line' id='line_1_18' title="bbox 351 2549 1427 2654; baseline -0.006 -29"><span class='ocrx_word' id='word_1_124' title='bbox 351 2576 427 2625; x_wconf 92' lang='lat' dir='ltr'>esse</span> <span class='ocrx_word' id='word_1_125' title='bbox 442 2577 462 2625; x_wconf 94' lang='lat' dir='ltr'>a</span> <span class='ocrx_word' id='word_1_126' title='bbox 479 2557 610 2645; x_wconf 86' lang='lat' dir='ltr'>Pythia,</span> <span class='ocrx_word' id='word_1_127' title='bbox 628 2556 721 2626; x_wconf 90' lang='lat' dir='ltr'>sede</span> <span class='ocrx_word' id='word_1_128' title='bbox 737 2560 965 2648; x_wconf 92' lang='lat' dir='ltr'>quorumdam</span> <span class='ocrx_word' id='word_1_129' title='bbox 984 2558 1153 2628; x_wconf 91' lang='lat' dir='ltr'>sententia</span> <span class='ocrx_word' id='word_1_130' title='bbox 1165 2550 1253 2654; x_wconf 75' lang='grc' dir='ltr'>(τινες</span> <span class='ocrx_word' id='word_1_131' title='bbox 1265 2549 1427 2649; x_wconf 73' lang='grc' dir='ltr'><strong>λέγουσιν).</strong></span> 
     </span>
     <span class='ocr_line' id='line_1_19' title="bbox 350 2680 1313 2773; baseline 0 -26"><span class='ocrx_word' id='word_1_132' title='bbox 350 2681 427 2749; x_wconf 85' lang='lat' dir='ltr'>Mox</span> <span class='ocrx_word' id='word_1_133' title='bbox 447 2702 522 2771; x_wconf 83' lang='lat' dir='ltr'>quaa</span> <span class='ocrx_word' id='word_1_134' title='bbox 538 2702 558 2751; x_wconf 94' lang='lat' dir='ltr'>a</span> <span class='ocrx_word' id='word_1_135' title='bbox 576 2681 840 2752; x_wconf 83' lang='lat' dir='ltr'>Lacedaemoniis</span> <span class='ocrx_word' id='word_1_136' title='bbox 855 2684 938 2773; x_wconf 92' lang='lat' dir='ltr'>ipsis</span> <span class='ocrx_word' id='word_1_137' title='bbox 953 2687 1150 2753; x_wconf 89' lang='lat' dir='ltr'>asserantur</span> <span class='ocrx_word' id='word_1_138' title='bbox 1164 2680 1313 2770; x_wconf 85' lang='lat' dir='ltr'>exponit.</span> 
     </span>
    </p>

    <p class='ocr_par' dir='ltr' id='par_1_5' title="bbox 351 2803 1433 3398">
     <span class='ocr_line' id='line_1_20' title="bbox 400 2803 1431 2896; baseline -0.002 -23"><span class='ocrx_word' id='word_1_139' title='bbox 400 2805 496 2875; x_wconf 89' lang='lat' dir='ltr'>Unde</span> <span class='ocrx_word' id='word_1_140' title='bbox 514 2810 628 2875; x_wconf 89' lang='lat' dir='ltr'>autem</span> <span class='ocrx_word' id='word_1_141' title='bbox 645 2806 796 2896; x_wconf 90' lang='lat' dir='ltr'>proiecta</span> <span class='ocrx_word' id='word_1_142' title='bbox 818 2827 894 2876; x_wconf 89' lang='lat' dir='ltr'>esse</span> <span class='ocrx_word' id='word_1_143' title='bbox 913 2807 1098 2876; x_wconf 92' lang='lat' dir='ltr'>sanctionis</span> <span class='ocrx_word' id='word_1_144' title='bbox 1118 2805 1283 2895; x_wconf 71' lang='lat' dir='ltr'>delphicae</span> <span class='ocrx_word' id='word_1_145' title='bbox 1301 2803 1431 2872; x_wconf 88' lang='lat' dir='ltr'>mentio</span> 
     </span>
     <span class='ocr_line' id='line_1_21' title="bbox 351 2931 1430 3023; baseline -0.005 -20"><span class='ocrx_word' id='word_1_146' title='bbox 351 2940 384 3003; x_wconf 88' lang='lat' dir='ltr'>et</span> <span class='ocrx_word' id='word_1_147' title='bbox 399 2954 419 3002; x_wconf 94' lang='lat' dir='ltr'>a</span> <span class='ocrx_word' id='word_1_148' title='bbox 440 2931 564 3023; x_wconf 89' lang='lat' dir='ltr'>quihus</span> <span class='ocrx_word' id='word_1_149' title='bbox 582 2931 719 3002; x_wconf 90' lang='lat' dir='ltr'>laudata</span> <span class='ocrx_word' id='word_1_150' title='bbox 738 2933 921 3017; x_wconf 89' lang='lat' dir='ltr'>uidebitur,</span> <span class='ocrx_word' id='word_1_151' title='bbox 938 2934 1004 3001; x_wconf 91' lang='lat' dir='ltr'>nisi</span> <span class='ocrx_word' id='word_1_152' title='bbox 1029 2953 1049 3002; x_wconf 93' lang='lat' dir='ltr'>a</span> <span class='ocrx_word' id='word_1_153' title='bbox 1067 2933 1162 3021; x_wconf 87' lang='lat' dir='ltr'>regia</span> <span class='ocrx_word' id='word_1_154' title='bbox 1179 2932 1350 3000; x_wconf 82' lang='lat' dir='ltr'>factione?</span> <span class='ocrx_word' id='word_1_155' title='bbox 1365 2951 1430 2998; x_wconf 91' lang='lat' dir='ltr'>an·</span> 
     </span>
     <span class='ocr_line' id='line_1_22' title="bbox 351 3056 1432 3149; baseline -0.007 -20"><span class='ocrx_word' id='word_1_156' title='bbox 351 3059 492 3149; x_wconf 87' lang='lat' dir='ltr'>tiquitus</span> <span class='ocrx_word' id='word_1_157' title='bbox 511 3059 603 3127; x_wconf 90' lang='lat' dir='ltr'>enim</span> <span class='ocrx_word' id='word_1_158' title='bbox 623 3058 789 3147; x_wconf 82' lang='lat' dir='ltr'>Apollinis</span> <span class='ocrx_word' id='word_1_159' title='bbox 809 3058 986 3126; x_wconf 88' lang='lat' dir='ltr'>oraculum</span> <span class='ocrx_word' id='word_1_160' title='bbox 1014 3059 1111 3147; x_wconf 89' lang='lat' dir='ltr'>quasi</span> <span class='ocrx_word' id='word_1_161' title='bbox 1130 3078 1191 3147; x_wconf 90' lang='lat' dir='ltr'>per</span> <span class='ocrx_word' id='word_1_162' title='bbox 1215 3076 1337 3144; x_wconf 85' lang='lat' dir='ltr'>regum</span> <span class='ocrx_word' id='word_1_163' title='bbox 1363 3056 1432 3121; x_wconf 89' lang='lat' dir='ltr'>mi·</span> 
     </span>
     <span class='ocr_line' id='line_1_23' title="bbox 351 3178 1433 3271; baseline -0.005 -20"><span class='ocrx_word' id='word_1_164' title='bbox 351 3182 531 3251; x_wconf 88' lang='lat' dir='ltr'>nisterium</span> <span class='ocrx_word' id='word_1_165' title='bbox 549 3181 803 3251; x_wconf 88' lang='lat' dir='ltr'>consulebatur.</span> <span class='ocrx_word' id='word_1_166' title='bbox 827 3183 914 3249; x_wconf 91' lang='lat' dir='ltr'>Nam</span> <span class='ocrx_word' id='word_1_167' title='bbox 937 3202 957 3250; x_wconf 92' lang='lat' dir='ltr'>a</span> <span class='ocrx_word' id='word_1_168' title='bbox 977 3182 1115 3271; x_wconf 88' lang='lat' dir='ltr'>regibus</span> <span class='ocrx_word' id='word_1_169' title='bbox 1143 3180 1240 3251; x_wconf 92' lang='lat' dir='ltr'>electi</span> <span class='ocrx_word' id='word_1_170' title='bbox 1260 3184 1357 3248; x_wconf 90' lang='lat' dir='ltr'>erant</span> <span class='ocrx_word' id='word_1_171' title='bbox 1382 3178 1433 3246; x_wconf 93' lang='lat' dir='ltr'>illi</span> 
     </span>
     <span class='ocr_line' id='line_1_24' title="bbox 354 3301 1432 3398; baseline -0.006 -20"><span class='ocrx_word' id='word_1_172' title='bbox 354 3314 498 3398; x_wconf 89' lang='lat' dir='ltr'>quatuor</span> <span class='ocrx_word' id='word_1_173' title='bbox 522 3308 587 3379; x_wconf 84' lang='lat' dir='ltr'>viri</span> <span class='ocrx_word' id='word_1_174' title='bbox 612 3308 722 3397; x_wconf 93' lang='lat' dir='ltr'>Pythii</span> <span class='ocrx_word' id='word_1_175' title='bbox 753 3307 811 3397; x_wconf 92' lang='lat' dir='ltr'>qui</span> <span class='ocrx_word' id='word_1_176' title='bbox 843 3308 998 3396; x_wconf 81' lang='lat' dir='ltr'>Pythiam</span> <span class='ocrx_word' id='word_1_177' title='bbox 1025 3306 1277 3395; x_wconf 86' lang='lat' dir='ltr'>interrogabant</span> <span class='ocrx_word' id='word_1_178' title='bbox 1308 3301 1432 3372; x_wconf 79' lang='lat' dir='ltr'>iidem-</span> 
     </span>
    </p>
   </div>
   <div class='ocr_carea' id='block_1_2' title="bbox 394 3500 1378 3691">
    <p class='ocr_par' dir='ltr' id='par_1_6' title="bbox 394 3464 1378 3691">
     <span class='ocr_line' id='line_1_25' title="bbox 394 3500 1243 3584; baseline -0.008 -16"><span class='ocrx_word' id='word_1_179' title='bbox 394 3512 403 3549; x_wconf 84' lang='lat'><em>1</em></span> <span class='ocrx_word' id='word_1_180' title='bbox 425 3508 480 3569; x_wconf 83' lang='lat' dir='ltr'>nu.</span> <span class='ocrx_word' id='word_1_181' title='bbox 497 3506 606 3584; x_wconf 60' lang='lat' dir='ltr'>nuper,</span> <span class='ocrx_word' id='word_1_182' title='bbox 623 3505 730 3568; x_wconf 81' lang='lat' dir='ltr'>Rhein.</span> <span class='ocrx_word' id='word_1_183' title='bbox 751 3500 1243 3580; x_wconf 77' lang='lat' dir='ltr'>uus.‚1aar‚u01.4a‚pag.ar.</span> 
     </span>
     <span class='ocr_line' id='line_1_26' title="bbox 394 3606 1378 3691; baseline -0.013 -14"><span class='ocrx_word' id='word_1_184' title='bbox 394 3612 406 3649; x_wconf 79' lang='lat'><strong>²</strong></span> <span class='ocrx_word' id='word_1_185' title='bbox 428 3614 468 3676; x_wconf 93' lang='lat' dir='ltr'>V.</span> <span class='ocrx_word' id='word_1_186' title='bbox 484 3614 539 3674; x_wconf 77' lang='lat' dir='ltr'>lid.</span> <span class='ocrx_word' id='word_1_187' title='bbox 556 3614 665 3691; x_wconf 81' lang='lat' dir='ltr'>Meyer,</span> <span class='ocrx_word' id='word_1_188' title='bbox 683 3613 794 3675; x_wconf 88' lang='lat' dir='ltr'>Rhein.</span> <span class='ocrx_word' id='word_1_189' title='bbox 813 3614 909 3686; x_wconf 85' lang='lat' dir='ltr'>Mna,</span> <span class='ocrx_word' id='word_1_190' title='bbox 930 3610 1017 3685; x_wconf 82' lang='lat'><strong>1887,</strong></span> <span class='ocrx_word' id='word_1_191' title='bbox 1035 3609 1099 3671; x_wconf 92' lang='lat' dir='ltr'>uol.</span> <span class='ocrx_word' id='word_1_192' title='bbox 1112 3608 1162 3683; x_wconf 75' lang='lat' dir='ltr'>ta,</span> <span class='ocrx_word' id='word_1_193' title='bbox 1179 3626 1244 3687; x_wconf 83' lang='lat' dir='ltr'>pag.</span> <span class='ocrx_word' id='word_1_194' title='bbox 1262 3606 1300 3667; x_wconf 80' lang='lat'>87</span> <span class='ocrx_word' id='word_1_195' title='bbox 1315 3621 1378 3685; x_wconf 90' lang='lat' dir='ltr'>sqq.</span> 
     </span>
    </p>
   </div>
   <div class='ocr_carea' id='block_1_3' title="bbox 356 3715 1433 4120">
    <p class='ocr_par' dir='ltr' id='par_1_7' title="bbox 356 3715 1433 4016">
     <span class='ocr_line' id='line_1_27' title="bbox 395 3715 1431 3798; baseline -0.009 -17"><span class='ocrx_word' id='word_1_196' title='bbox 395 3724 407 3757; x_wconf 76' lang='lat'>⁸</span> <span class='ocrx_word' id='word_1_197' title='bbox 429 3719 476 3781; x_wconf 85' lang='lat' dir='ltr'>Oi.</span> <span class='ocrx_word' id='word_1_198' title='bbox 492 3722 651 3794; x_wconf 77' lang='lat' dir='ltr'>Eundem,</span> <span class='ocrx_word' id='word_1_199' title='bbox 668 3720 740 3783; x_wconf 77' lang='lat' dir='ltr'>ibid.</span> <span class='ocrx_word' id='word_1_200' title='bbox 761 3722 939 3798; x_wconf 81' lang='lat' dir='ltr'>Quanquam</span> <span class='ocrx_word' id='word_1_201' title='bbox 951 3736 1004 3779; x_wconf 86' lang='lat' dir='ltr'>nos</span> <span class='ocrx_word' id='word_1_202' title='bbox 1020 3735 1078 3778; x_wconf 94' lang='lat' dir='ltr'>non</span> <span class='ocrx_word' id='word_1_203' title='bbox 1094 3716 1163 3777; x_wconf 87' lang='lat' dir='ltr'>latet</span> <span class='ocrx_word' id='word_1_204' title='bbox 1177 3715 1351 3777; x_wconf 87' lang='lat' dir='ltr'>coniecturis</span> <span class='ocrx_word' id='word_1_205' title='bbox 1364 3720 1431 3773; x_wconf 86' lang='lat' dir='ltr'>tan-</span> 
     </span>
     <span class='ocr_line' id='line_1_28' title="bbox 356 3822 1433 3906; baseline -0.007 -17"><span class='ocrx_word' id='word_1_206' title='bbox 356 3834 418 3889; x_wconf 92' lang='lat' dir='ltr'>tum</span> <span class='ocrx_word' id='word_1_207' title='bbox 429 3845 462 3888; x_wconf 90' lang='lat' dir='ltr'>ea</span> <span class='ocrx_word' id='word_1_208' title='bbox 473 3835 663 3889; x_wconf 81' lang='lat' dir='ltr'>consecutum</span> <span class='ocrx_word' id='word_1_209' title='bbox 674 3844 737 3889; x_wconf 88' lang='lat' dir='ltr'>esse</span> <span class='ocrx_word' id='word_1_210' title='bbox 750 3828 937 3906; x_wconf 85' lang='lat' dir='ltr'>scriptorem.</span> <span class='ocrx_word' id='word_1_211' title='bbox 955 3828 996 3886; x_wconf 87' lang='lat' dir='ltr'>At</span> <span class='ocrx_word' id='word_1_212' title='bbox 1008 3824 1078 3885; x_wconf 90' lang='lat' dir='ltr'>nihil</span> <span class='ocrx_word' id='word_1_213' title='bbox 1093 3824 1202 3885; x_wconf 89' lang='lat' dir='ltr'>certius</span> <span class='ocrx_word' id='word_1_214' title='bbox 1212 3822 1242 3881; x_wconf 93' lang='lat' dir='ltr'>in</span> <span class='ocrx_word' id='word_1_215' title='bbox 1256 3822 1309 3882; x_wconf 86' lang='lat' dir='ltr'>hac</span> <span class='ocrx_word' id='word_1_216' title='bbox 1320 3838 1352 3881; x_wconf 87' lang='lat' dir='ltr'>re</span> <span class='ocrx_word' id='word_1_217' title='bbox 1364 3836 1433 3899; x_wconf 86' lang='lat' dir='ltr'>pro·</span> 
     </span>
     <span class='ocr_line' id='line_1_29' title="bbox 358 3933 930 4016; baseline -0.002 -20"><span class='ocrx_word' id='word_1_218' title='bbox 358 3934 427 3998; x_wconf 84' lang='lat' dir='ltr'>terri</span> <span class='ocrx_word' id='word_1_219' title='bbox 442 3942 545 4014; x_wconf 84' lang='lat' dir='ltr'>potest.</span> <span class='ocrx_word' id='word_1_220' title='bbox 564 3934 613 3997; x_wconf 79' lang='lat' dir='ltr'>(ll.</span> <span class='ocrx_word' id='word_1_221' title='bbox 632 3936 728 4010; x_wconf 75' lang='lat' dir='ltr'>Pica,</span> <span class='ocrx_word' id='word_1_222' title='bbox 747 3936 821 4016; x_wconf 84' lang='lat' dir='ltr'>hyc.</span> <span class='ocrx_word' id='word_1_223' title='bbox 836 3933 866 3995; x_wconf 82' lang='lat'>6.</span> <span class='ocrx_word' id='word_1_224' title='bbox 927 3960 930 3964; x_wconf 44' lang='lat'><strong>²</strong></span> 
     </span>
    </p>

    <p class='ocr_par' dir='ltr' id='par_1_8' title="bbox 400 4039 793 4120">
     <span class='ocr_line' id='line_1_30' title="bbox 400 4039 793 4120; baseline 0 -19"><span class='ocrx_word' id='word_1_225' title='bbox 400 4045 411 4077; x_wconf 83' lang='lat'>⁴</span> <span class='ocrx_word' id='word_1_226' title='bbox 434 4040 480 4101; x_wconf 84' lang='lat' dir='ltr'>Ol.</span> <span class='ocrx_word' id='word_1_227' title='bbox 499 4058 578 4120; x_wconf 83' lang='lat' dir='ltr'>sup,</span> <span class='ocrx_word' id='word_1_228' title='bbox 594 4057 659 4119; x_wconf 86' lang='lat' dir='ltr'>pag.</span> <span class='ocrx_word' id='word_1_229' title='bbox 680 4039 714 4101; x_wconf 85' lang='lat'>16</span> <span class='ocrx_word' id='word_1_230' title='bbox 729 4058 793 4120; x_wconf 85' lang='lat' dir='ltr'>sqq.</span> 
     </span>
    </p>
   </div>
   <div class='ocr_carea' id='block_1_4' title="bbox 0 0 1598 5059">
    <p class='ocr_par' dir='ltr' id='par_1_9' title="bbox 0 0 1598 5059">
     <span class='ocr_line' id='line_1_31' title="bbox 0 0 1598 5059; baseline 0 0"><span class='ocrx_word' id='word_1_231' title='bbox 0 0 1598 5059; x_wconf 95' lang='lat' dir='ltr'> </span> 
     </span>
    </p>
   </div>
  </div>
 </body>
</html>
