3159 5059
567 463 724 527 ..51-

105 624 144 673 se
162 602 199 670 in
218 602 371 671 medium
385 602 561 692 proferunt
581 602 720 672 demum
739 624 851 692 rogeo,
875 609 1025 687 senatus
1048 605 1183 694 ephori,

104 729 260 819 populus
272 728 330 818 qui
345 728 519 798 homerica
532 730 688 797 uirorum
702 728 856 814 consilia,
875 729 966 819 quod
984 729 1028 799 ad
1041 726 1186 821 Lycurgi

103 855 331 944 tempus-uel
347 854 389 923 ad
399 854 673 946 uicinatempora
683 855 839 944 Lycurgo
851 856 982 938 attinet,
999 878 1184 946 represen-

105 986 156 1049 tat
170 981 285 1069 aliqua
299 981 425 1069 specie,
441 980 501 1049 sed
512 982 626 1071 specie
634 986 776 1049 tantum.
791 982 879 1049 Nam
893 980 935 1050 de
945 983 1184 1053 constitutione

104 1106 271 1193 lycurgea
284 1104 371 1172 nihil
390 1106 538 1195 amplius
566 1106 760 1195 accepimus
779 1125 883 1194 quern
896 1125 1022 1174 nouam
1040 1106 1184 1176 diuisio-

107 1248 191 1297 nem
221 1228 356 1297 factam'
368 1249 443 1297 esse
461 1230 564 1298 huius
581 1230 698 1320 populi
721 1235 754 1298 et
775 1229 997 1297 constitutum
1016 1232 1185 1319 etriginta

107 1356 209 1439 uiris,
220 1355 309 1423 inter
323 1374 410 1444 quos
427 1356 672 1425 annumerandi
687 1355 759 1423 bini
769 1376 881 1443 reges,
904 1362 1061 1424 senatum
1075 1380 1082 1440 3
1099 1358 1182 1425 rela-

105 1478 220 1549 tiones
253 1485 368 1549 autem
400 1478 555 1569 Lycurgo
583 1481 788 1570 regibusque
817 1486 1008 1549 reseruatas
1039 1500 1115 1551 esse
1148 1481 1184 1549 in

105 1608 266 1679 contione
286 1608 404 1697 populi
420 1607 478 1697 qui
496 1613 604 1675 ratam
619 1626 694 1675 esse
708 1608 821 1695 legem
840 1608 935 1675 solus
950 1606 1099 1676 iubebat.
1113 1608 1183 1677 Nec

105 1734 173 1800 alia
192 1732 320 1800 ratione
341 1752 382 1800 ea
400 1732 630 1820 comperimus
650 1736 750 1820 atque
771 1737 886 1798 rhetra
902 1732 1050 1821 quadam
1068 1754 1088 1801 a
1105 1734 1181 1801 Plu-

103 1857 222 1924 tarcho
251 1853 382 1923 allata.
412 1855 470 1922 Cui
508 1856 537 1923 si
566 1855 671 1923 fidem
697 1854 912 1940 adhibemus,
940 1865 1079 1945 apparet
1097 1858 1182 1924 nihil

103 1980 288 2069 incepisse,
309 1979 394 2046 nihil
414 1985 527 2047 actum
547 2000 624 2047 esse
639 2000 700 2069 per
714 1980 892 2069 populum,
906 1980 962 2047 cui
980 1980 1074 2069 leges
1093 1981 1182 2049 anti·

105 2104 234 2196 quandi
255 2111 387 2172 tantum
406 2109 464 2171 aut
492 2103 667 2171 sanciendi
699 2104 753 2171 ins
777 2124 978 2172 concessum
1006 2111 1090 2188 eret,
1112 2127 1182 2174 non

17 2226 22 2237 '
106 2250 227 2299 earum
246 2227 524 2297 excutiendarum
539 2231 596 2295 aut
611 2225 904 2295 emendandarum
921 2229 1029 2318 copia.
1052 2228 1138 2306 Quid
1153 2230 1182 2297 si

105 2364 245 2428 centum
278 2354 410 2422 circiter
438 2358 471 2421 et
505 2354 642 2441 triginta
674 2354 772 2423 annis
804 2361 934 2442 postea,
965 2356 1182 2446 Theopompo

103 2486 281 2571 regnante,
306 2480 395 2548 hanc
419 2482 609 2569 reperimus
632 2481 801 2549 rhetram:
826 2481 907 2548 «Sin
930 2502 1077 2570 prauum
1101 2480 1203 2571 quid·

101 2606 252 2697 populus
267 2604 431 2689 statuerit,
455 2606 630 2673 seniorum
645 2625 833 2694 regumque
848 2611 921 2674 esto
937 2606 1184 2674 discessionem

99 2728 270 2814 iacereb),
287 2730 388 2799 idest
406 2730 601 2799 contionem
616 2731 798 2815 dimittere,
817 2753 1092 2822 quaenunquam,
1116 2733 1183 2801 nisi

105 2857 301 2947 quibusque
329 2854 527 2943 pleniluniis
552 2854 817 2939 conuocabatur,
850 2861 883 2923 ct
916 2855 1184 2923 controuersiam

104 2980 318 3069 transigendi
338 2986 396 3049 aut
424 2979 516 3069 quod
542 2981 658 3049 uisum
675 2980 776 3048 fuerit
800 2981 967 3070 optimum
987 2980 1184 3049 assumendi

105 3112 276 3199 potestate
296 3107 358 3175 uti.

155 3234 315 3301 Creuerat
342 3232 444 3321 igitur
465 3233 601 3301 interim
618 3238 757 3302 senatus
777 3232 958 3301 auctoritas
980 3232 1064 3301 etei
1094 3231 1186 3321 quod

105 3359 261 3447 Lycurgo
279 3356 442 3425 tribuerat
465 3331 556 3445 prior
575 3357 689 3425 rhetra
713 3356 767 3424 ius
781 3356 866 3424 illud
883 3362 1104 3425 successerat.
1123 3356 1186 3425 Hic

107 3481 285 3551 seniorum
304 3486 413 3548 coetus
428 3481 540 3569 qualis
556 3481 646 3570 apud
660 3481 849 3549 Homerum
866 3486 1087 3565 memoratur,
1108 3500 1187 3547 cum

108 3607 158 3676 eis
192 3605 251 3695 qui
269 3611 409 3695 propter
428 3610 563 3675 aetatem
581 3607 733 3674 consiliis
761 3611 894 3674 tantum
911 3606 1075 3695 prodesse
1103 3627 1185 3695 pos-

148 3872 156 3905 ¹
181 3863 282 3935 Ptol„
302 3862 387 3939 Lyc,
406 3860 435 3933 6,
454 3859 480 3920 7.
571 3849 574 3855 ’

148 3972 159 4007 ‘³
179 3973 276 4046 Phil„
298 3968 386 4028 Ibid..
405 3968 453 4029 15.
476 3977 502 4029 αἱ
515 3970 542 4029 δὲ
555 3974 655 4031 σκολιὰν
666 3974 679 4032 ὁ
692 3971 767 4053 δῖψος
780 3974 868 4036 ἕλοιτο,
883 3977 942 4037 τοὺς
952 3972 1129 4051 πρεσὸυγενέας
1145 3976 1186 4028 καὶ

109 4086 254 4166 αρχαγέτας
268 4086 446 4164 ἀποστατῆρας
460 4080 533 4165 εἶμεν.
