3159 5059
760 492 801 505 ..
821 459 921 522 84,-

301 594 513 663 Plutarchus'
545 617 645 687 pares
659 602 758 666 terrae
773 603 941 688 spartanae
960 603 1073 687 partes
1087 598 1310 668 Doriensihus
1329 598 1388 668 ad·

301 718 451 807 signatas
466 717 584 807 tuisse,
603 722 687 791 alter
697 722 842 792 uetitum
855 723 990 812 legibus
1005 724 1067 792 has
1082 745 1234 814 unquam
1248 724 1390 792 uenisse

250 883 252 887 v
301 842 451 912 tradunt.
487 846 547 914 Cui
578 847 760 915 assentitur
793 852 828 917 et
859 846 1083 918 Aristoteles²
1120 853 1154 918 et
1186 848 1390 917 Plutarchus

301 968 465 1038 iterum³.
488 971 607 1041 Nullos
626 971 707 1043 inde
733 978 927 1043 contractus
952 974 1041 1044 inter
1068 975 1164 1044 ciues
1192 980 1385 1063 spartanos

302 1094 414 1164 nullas
451 1099 702 1168 controuersias
740 1105 831 1169 ortas
867 1120 943 1169 esse
975 1106 1068 1171 recte
1105 1099 1384 1184 contendemus3

214 1285 216 1289 .
302 1221 449 1311 ideoque
463 1230 591 1293 ‘uacare
609 1224 734 1293 talibus
762 1226 874 1294 causis
901 1225 1055 1294 iudicum
1074 1226 1223 1295 tribunal
1241 1245 1387 1296 necesse

304 1353 388 1416 erat.
410 1348 497 1416 Nam
520 1349 603 1438 quin
624 1354 722 1447 κλῆροι
742 1356 775 1420 et
793 1362 908 1447 ἀρχαῖα
929 1367 1017 1447 μοῖρα
1035 1351 1183 1421 definitae
1206 1349 1388 1420 hereditati

303 1470 438 1540 addicta
464 1473 508 1541 sit
532 1474 628 1542 nullo
650 1476 687 1541 in
709 1474 813 1544 duhIo
840 1481 902 1545 est.
927 1477 983 1559 nt,
1013 1496 1083 1544 non
1110 1475 1229 1565 paucis
1255 1474 1389 1543 collatiS

303 1598 508 1668 testimoniis
537 1602 753 1671 enucleatum
784 1608 836 1671 est
859 1601 939 1671 inde
972 1623 993 1672 a
1019 1603 1140 1691 primis
1176 1601 1389 1692 temporibus

304 1722 445 1807 ciuium,
468 1723 503 1791 id
534 1731 597 1809 est,
624 1746 866 1815 possessorum
891 1746 1076 1797 numerum
1094 1733 1260 1817 perpetuo
1288 1725 1388 1816 quasi

253 1895 255 1899 ψ
304 1852 422 1917 tenore
437 1848 657 1919 imminutum
672 1872 748 1921 esse
760 1849 785 1919 ⁴.

354 1972 427 2051 Oua
444 1975 587 2059 ratIone,
609 1996 756 2065 quorum
775 1974 928 2043 iudicum
943 1976 1132 2044 ministerio
1153 1974 1195 2045 de
1214 1974 1386 2045 heredita-

305 2099 398 2169 tibus
436 2100 504 2169 illis
536 2101 714 2171 decretum
748 2104 811 2186 sit,
850 2102 986 2192 quando
1020 2122 1100 2191 ager
1138 2102 1383 2187 hereditarius

306 2225 470 2294 exstincta
487 2245 726 2315 possessorum
745 2227 887 2310 familia,
908 2226 1064 2311 uacabat,
1087 2248 1149 2296 nos
1168 2228 1261 2295 latet.
1280 2228 1351 2296 Nec
1368 2247 1389 2295 a

306 2356 439 2431 senatu,
459 2372 524 2421 nec
539 2373 559 2420 a
573 2351 726 2442 regibus,
744 2351 872 2420 omissa
886 2351 1035 2419 filiarum
1048 2352 1277 2442 epIclerorum
1291 2371 1384 2437 cura,

306 2497 459 2566 unquam
481 2476 665 2567 diremptas
691 2496 767 2545 esse
789 2477 1039 2545 controuersias
1059 2476 1138 2545 inde
1157 2482 1248 2545 ortas
1274 2476 1387 2544 mani-

306 2600 433 2670 festum
451 2605 516 2683 est,
546 2619 623 2684 nec,
655 2620 797 2669 necesse
820 2605 872 2669 est
898 2600 1080 2683 fateamur,
1109 2600 1151 2668 ah
1183 2601 1321 2691 ephoris
1352 2599 1388 2668 id

306 2727 434 2795 factum
452 2746 540 2795 esse.
564 2725 735 2803 Quantum
760 2745 779 2793 e
803 2724 973 2794 Plutarchi
993 2721 1091 2794 loco⁵
1112 2725 1269 2794 conicere
1293 2724 1384 2810 licet,

308 2873 387 2923 cum
414 2852 568 2920 seniores
596 2850 705 2919 trihus
725 2850 760 2918 in
779 2853 873 2945 λέσχῃ
896 2848 1054 2919 sedentes
1078 2850 1124 2918 ait
1142 2870 1249 2939 puero
1277 2848 1388 2918 adlato

306 2998 412 3048 unam
431 2998 473 3046 ex
492 2995 619 3045 nouem
644 2975 797 3044 millihus
819 2975 1017 3065 portionum
1045 2976 1117 3065 agri
1137 2975 1385 3065 adsignauisse,

307 3103 343 3172 id
353 3104 397 3172 ad
404 3103 502 3193 pueri
513 3102 549 3170 in
563 3102 640 3171 atho
656 3101 765 3171 trihus
775 3102 1032 3191 inscriptionem
1042 3102 1213 3190 pertinere
1221 3096 1386 3186 uidetur⁶3

308 3228 338 3297 si
355 3228 446 3297 ultra
460 3228 659 3317 quaerimus,
681 3226 824 3297 forsitan
843 3227 908 3295 hoc
933 3247 976 3296 ex
994 3247 1035 3296 eo
1054 3226 1181 3295 indicio
1197 3226 1388 3297 eruendum

249 3453 251 3458 ’
294 3465 296 3467 ·
349 3444 357 3479 ¹
381 3442 476 3521 rtur,
495 3442 581 3523 hya,
598 3442 628 3504 8.

346 3546 358 3584 ²
377 3550 462 3611 Arest
479 3595 486 3624 ,
504 3547 691 3624 P01.‚11,6,
709 3550 757 3612 10.
778 3549 877 3625 12702,
897 3548 1001 3611 19-20.
1019 3548 1116 3611 Bekk.
1130 3553 1201 3610 moi.

349 3661 360 3694 ³
381 3658 476 3731 Pina,
493 3658 564 3737 Ag,
577 3658 607 3733 5,
623 3666 652 3720 et
667 3659 764 3721 instit.
777 3658 888 3733 lacon,
900 3658 951 3720 22.

350 3770 362 3803 ⁸
383 3766 430 3827 Of.
449 3783 531 3845 sup,
548 3784 613 3846 pag.
630 3764 669 3827 62
684 3784 748 3845 sqq.

351 3878 362 3913 ⁵
383 3875 481 3951 Pron,
497 3878 585 3957 Lyc,
605 3876 651 3938 16.

350 3986 363 4022 ⁶
384 3985 487 4049 Fustet
502 3986 536 4045 ote
553 3986 732 4065 Contanqea
755 3984 797 4049 V.
818 3963 916 4047 F'Itude
935 4000 988 4045 sur
1007 3982 1035 4044 la
1050 3983 1204 4063 Propriett
1224 3986 1241 4043 a
1266 3982 1385 4062 Sparte.
1579 4076 1580 4085 ἵ

313 4090 406 4154 Acad.
419 4091 471 4159 dos
487 4091 534 4155 Sc.
554 4107 629 4154 mor.
645 4089 1151 4173 etpol.,nour.serie,1880,tom.
1167 4089 1244 4153 XIII
1259 4097 1289 4153 et
1302 4088 1389 4152 XIV.
1519 4167 1521 4170 v
1579 4102 1580 4105 ’
