3159 5059
613 468 772 533 ..75-

138 611 273 679 torium
297 610 497 678 mandatum
518 616 590 678 tum
609 606 759 678 exerceri
780 608 871 677 haud
895 608 1050 679 absimile
1070 614 1122 679 est
1140 608 1225 677 ueri.

141 738 219 805 Hoc
241 738 392 826 primum
413 717 617 825 philosopho
639 734 859 821 occurrebat3
882 736 936 804 cui
956 735 1156 824 exceptioni
1167 755 1231 823 op-

142 862 264 951 posuit
281 862 340 929 iiie
355 880 576 930 communem
590 860 681 929 inter
697 861 864 950 populum
879 868 912 930 et
932 860 1112 949 optimates
1127 860 1230 949 epho-

142 990 242 1055 ratus
271 1004 384 1053 usum.
408 984 580 1053 Contraria
606 984 710 1072 igitur
733 982 842 1052 uerba
869 982 914 1053 ad
936 982 1038 1053 officii
1066 984 1233 1074 cuiusque

143 1110 417 1200 possessionem,
434 1128 505 1178 non
522 1106 565 1176 ad
579 1108 748 1176 rationem
761 1128 823 1197 per
838 1128 941 1197 quam
956 1106 1107 1177 officium
1126 1105 1233 1199 quod·

145 1254 217 1324 que
237 1232 479 1322 adsignabatur
498 1238 664 1323 spectant,
686 1252 750 1302 nec
771 1252 814 1301 ex
828 1232 878 1301 eis
897 1233 1129 1322 colligendum
1148 1238 1235 1303 osta

145 1360 297 1428 lectione
313 1359 521 1447 ephororum
535 1358 701 1448 populum
715 1356 924 1447 prohibitum
935 1378 1011 1427 esse
1021 1358 1065 1426 ob
1076 1358 1111 1426 id
1126 1377 1233 1426 unum

147 1483 245 1573 quod
267 1484 451 1572 ephoratus
470 1483 620 1573 populus
639 1483 809 1573 particeps
824 1490 926 1551 esset.

201 1608 374 1698 Quidquid
402 1607 438 1675 id
471 1614 533 1692 est,
567 1607 843 1677 testimoniorum
877 1608 991 1697 inopia
1032 1608 1236 1678 coniecturis

151 1738 250 1806 uiam
275 1735 408 1826 aperuit
431 1742 466 1804 et
488 1735 665 1805 fatendum
685 1734 841 1805 estnihil
861 1734 954 1802 aliud
973 1734 1008 1802 in
1029 1754 1070 1805 ea
1083 1755 1121 1805 re
1135 1755 1239 1825 quam

150 1862 375 1930 coniectanea
400 1859 514 1930 facere
544 1880 747 1929 conoessum
766 1879 857 1928 esse.
875 1859 982 1927 Nemo
1009 1864 1125 1929 tamen
1152 1861 1240 1929 inter

149 1992 310 2055 recentes
330 1985 538 2076 antiquitatis
553 1986 758 2075 interpretes
778 1984 946 2075 populum
960 1986 1100 2073 negauit
1113 1985 1239 2055 suffra·

149 2114 217 2203 giis
226 2113 298 2181 suis
307 2113 529 2201 magistratus
539 2113 687 2181 maxime
697 2112 872 2202 popularis
883 2111 1045 2181 creationi
1057 2110 1237 2195 adfuisse',

150 2240 321 2330 populum
340 2244 457 2307 autem
486 2237 562 2307 dico
581 2238 686 2322 hunc,
713 2238 767 2307 oui
787 2244 822 2307 et
849 2237 893 2306 ad
916 2243 1068 2308 extrema
1087 2244 1241 2328 tempora

151 2373 353 2435 senatorum
375 2365 519 2434 dilectus
549 2371 583 2434 et
611 2365 814 2453 gubernatio
832 2365 882 2433 rei
901 2364 1059 2454 publicae,
1087 2385 1167 2434 curn
1185 2384 1241 2433 res

150 2492 366 2580 grauissime
380 2492 591 2576 incidissent,
610 2490 841 2580 contingebat,
864 2490 993 2579 optimo
1004 2490 1080 2560 iure
1093 2489 1241 2561 civitatis

152 2614 337 2687 fruentem.

154 2742 156 2747 ’
203 2742 269 2813 Sed
280 2742 323 2812 de
335 2744 466 2813 ratione
478 2742 616 2813 creandi
626 2762 696 2811 non
704 2741 915 2827 constat3alii
926 2748 1017 2811 sorte
1027 2748 1240 2813 creatosesse

152 2870 301 2960 ephoros
318 2868 549 2953 crediderunt,
566 2869 623 2937 alii
642 2869 759 2937 lectos.
782 2868 1000 2937 Sortitionem
1019 2869 1112 2936 enim
1127 2867 1235 2957 signi-

151 2992 254 3062 ficare
264 2994 375 3083 primo
395 2993 515 3063 obtutu
527 2993 632 3063 uerba
651 2992 854 3061 aristotelica
864 2991 1024 3061 uidentur
1037 3016 1044 3061 :
1058 2999 1084 3063 οἱ
1097 2994 1238 3087 τυχόντες

157 3123 190 3187 et
213 3123 248 3190 ἐκ
267 3132 324 3190 τῶν
343 3119 503 3213 τυχόντων,
522 3139 668 3208 quorum
683 3123 797 3186 tamen
816 3136 939 3186 sensus
958 3117 1017 3206 qui
1031 3117 1087 3201 sit,
1109 3116 1240 3186 collatis

154 3247 192 3309 ut
217 3238 345 3331 supra2
370 3241 525 3310 eiusdem
549 3240 723 3329 scriptoris
751 3239 836 3308 locis
860 3237 1080 3328 quibusdam,
1114 3239 1235 3310 elucet.

154 3364 289 3454 Nempe
311 3364 437 3435 cadunt
455 3384 497 3434 ea
517 3364 554 3431 in
574 3384 634 3434 eos
663 3363 721 3453 qui
748 3362 968 3451 magistratus
987 3363 1062 3432 fieri
1085 3368 1236 3452 possent,

196 3586 205 3616 ¹
229 3574 280 3637 Oi.
299 3576 451 3655 Gotttinq,
464 3574 635 3638 comment.
647 3571 683 3635 ad
694 3572 820 3635 Aristot.
833 3571 936 3647 Petit,
947 3590 1013 3653 pag.
1024 3571 1095 3634 568.
1107 3574 1236 3648 Urlichs,

154 3682 254 3745 Ueber
269 3681 315 3745 die
334 3679 541 3763 lykurgischon
557 3680 698 3744 Rhetren.
716 3679 828 3741 Rirein.
846 3678 941 3753 Mus,
962 3676 1048 3752 1848,
1074 3696 1142 3758 pag.
1159 3677 1233 3742 223.

153 3789 252 3865 Steiri,
264 3790 321 3852 Die
332 3787 471 3853 Eintwiki.
482 3788 534 3852 des
546 3788 645 3869 Spart.
658 3787 784 3869 Epiron,
797 3804 861 3866 pag.
879 3785 979 3848 ltro.
995 3788 1087 3861 Dum,
1100 3787 1235 3851 Entsteh.

152 3895 213 3959 und
228 3893 386 3958 Entwicld.
402 3894 454 3957 des
474 3894 610 3975 Spartan.
632 3892 755 3974 Epiron,
780 3910 847 3973 pag.
873 3890 1017 3954 tot-rot.
1039 3892 1234 3968 Schemate,

152 4003 257 4083 Antiq.
275 4018 416 4082 grecquea
430 4000 549 4083 (transi.
570 3999 780 4081 galliensium.
801 3998 938 4073 Galuski,
957 4018 1022 4081 pag.
1040 4000 1120 4079 277).

192 4108 205 4147 2
227 4110 278 4175 Oi.
294 4128 376 4193 sup,
393 4126 458 4192 pag.
475 4107 525 4171 68.
