3159 5059
828 506 987 570 ..2ss-

421 646 508 724 Quin
526 643 706 735 ambiguus
731 652 877 736 uterque
895 646 1035 716 uidetur
1058 666 1136 716 esse
1154 647 1192 714 in
1219 646 1305 715 locis
1326 646 1386 715 ubi
1414 647 1455 715 de

372 770 510 860 ephoris
528 770 651 859 agitur,
672 790 737 840 neo
754 770 857 860 plane
872 776 989 860 aperta
1004 769 1197 841 tradidisse.
1217 769 1456 861 Expendamus

372 895 584 967 enimuerha
602 895 749 965 Platonis
768 894 862 985 (Leg.
887 896 946 980 ΙΙΙ,
969 916 1046 986 pag.
1071 895 1155 980 stt,
1178 893 1239 985 Al:
1265 900 1333 970 ὁδὲ
1361 905 1455 993 τρίτος

370 1029 467 1118 σωτὴρ
481 1024 546 1117 ὑμῖν
560 1031 601 1095 ἔτι
616 1035 798 1118 σπαργῶσαν
820 1030 869 1095 καὶ
892 1025 1069 1117 θυμουμέύην
1096 1030 1148 1100 τὴν
1171 1028 1269 1118 ἀρχὴ)
1284 1030 1371 1119 ὁρῶν,
1398 1029 1456 1096 οἷον

371 1151 473 1241 ψάλιον
485 1150 612 1219 daedalea
626 1151 701 1241 αὐτῇ
721 1156 842 1225 τὴντῶν
856 1150 964 1243 ἐφόρων
980 1147 1112 1243 dirrupta,
1132 1152 1219 1244 ἐγγὺς
1235 1165 1284 1229 τῆς
1306 1154 1455 1245 alaparum

370 1280 490 1367 ἀγαγὼν
517 1274 675 1368 δυνάμεως.
711 1273 880 1363 Antiquus
911 1273 1119 1363 ephororum
1153 1274 1369 1362 magistratus
1400 1275 1455 1343 hic

372 1400 551 1485 excutitur,
570 1400 627 1489 qui
641 1400 816 1469 mirandus
834 1420 929 1484 sane,
945 1405 983 1467 ut
997 1400 1123 1488 Sparte
1138 1399 1334 1488 peculiaris,
1352 1400 1453 1470 hahe-

370 1522 482 1607 batur,
516 1519 608 1591 tanta
633 1521 771 1611 quidem
794 1527 961 1611 potestate
995 1528 1148 1605 ornatus,
1176 1531 1209 1591 et
1234 1524 1333 1591 euius
1360 1524 1453 1613 origo

371 1649 498 1737 uulgus
516 1647 652 1717 latebat.
671 1648 739 1717 Sub
755 1648 867 1736 specie
888 1647 975 1717 freni
990 1667 1118 1715 munus
1141 1646 1227 1715 illud
1247 1647 1453 1717 indicatura

238 1853 239 1857 Ἰ
372 1775 548 1863 scriptore,
562 1773 616 1841 oui
628 1773 857 1841 translationis
869 1793 953 1841 usus
963 1772 1140 1839 familiaris
1151 1778 1221 1856 est;
1237 1772 1454 1841 hunctamen

372 1916 442 1964 non
458 1896 596 1985 proprio
614 1895 720 1964 uerho
739 1916 842 1965 usum
861 1915 937 1964 esse
957 1894 1033 1984 quis
1051 1915 1123 1962 non
1143 1896 1417 1964 animaduertat?

421 2022 579 2089 Doctrina
598 2020 726 2088 scilicet
744 1998 900 2109 cpuaedam
914 2020 980 2088 hoo
994 2020 1069 2088 loco
1084 2020 1281 2108 explicatur,
1298 2040 1370 2089 non
1382 2027 1451 2090 tan·

373 2150 446 2211 tum
460 2143 615 2232 proditur
628 2142 732 2211 fama.
744 2142 807 2220 Qui
821 2143 881 2211 fiat
894 2148 933 2211 ut
946 2143 1159 2211 moderatius
1169 2144 1259 2231 regis
1272 2144 1454 2234 imperium

373 2276 570 2337 exerceatur
595 2273 629 2337 et
655 2268 743 2336 inter
767 2267 986 2355 tyrannidem
1011 2268 1315 2359 turbulentumque
1343 2271 1453 2360 plebis

372 2398 526 2487 regimen
545 2398 666 2465 ciuitas
684 2395 801 2464 librari
823 2396 931 2485 possit
952 2396 1046 2463 Plato
1067 2395 1167 2465 docet
1191 2405 1225 2466 et
1248 2400 1453 2467 ememoria

375 2523 417 2591 de
434 2522 650 2610 Theopompo
664 2521 787 2589 tradita
801 2521 999 2610 exemplum
1014 2520 1153 2610 aliquod
1167 2522 1295 2610 profert
1305 2522 1328 2591 ¹.
1344 2548 1362 2590 c
1374 2526 1449 2593 Ter·

371 2648 432 2731 tio,
454 2647 627 2731 enim,illo
647 2652 849 2717 servatore»
867 2647 1125 2735 Theopompum
1144 2668 1261 2737 regem
1280 2649 1449 2739 designari

370 2793 472 2843 nemo
492 2771 623 2841 dubitat
650 2779 684 2841 et
702 2793 720 2842 e
743 2773 914 2841 Plutarchi
937 2793 1016 2840 cum
1040 2774 1179 2843 Platone
1199 2778 1451 2866 comparatione

371 2895 515 2970 elucet².
539 2897 617 2981 Sed,
640 2902 816 2987 praeterea,
842 2898 939 2965 saluo
969 2899 1138 2987 platonico
1162 2920 1339 2985 sermone,
1367 2925 1451 2972 num

371 3027 481 3116 ipsam
500 3024 544 3091 ihi
562 3023 744 3113 ephoratus
764 3023 1000 3093 inuentionem
1014 3024 1114 3113 plane
1129 3025 1334 3114 significauit
1348 3029 1451 3117 scrip-

369 3158 516 3231 tortrtv
533 3164 589 3226 τῶν
611 3152 718 3246 ἐφόρων
736 3150 869 3245 dirrupta,
889 3150 983 3219 haud
1001 3159 1052 3229 τὴν
1077 3156 1193 3247 ἐφορίαν
1210 3152 1315 3237 dixit3
1338 3153 1451 3243 itaque

370 3300 440 3349 non
462 3297 641 3368 perperam
658 3278 823 3367 premitur
842 3276 991 3344 Platonis
1009 3274 1193 3360 uerbumss,
1216 3277 1246 3345 si
1272 3278 1349 3366 quis
1370 3278 1451 3346 inde

372 3424 391 3472 a
408 3404 624 3493 Theopompo
643 3403 791 3491 ephoros
805 3422 875 3469 non
888 3402 1060 3471 institutos
1075 3423 1166 3486 esse,
1187 3407 1221 3471 at
1234 3402 1271 3469 in
1284 3403 1452 3473 maiorem

371 3534 573 3618 potestatem
587 3534 725 3597 euectos
744 3527 938 3596 contendat.

421 3650 549 3722 Eodem
562 3650 708 3721 redeunt
716 3650 907 3720 Aristotelis
922 3652 1109 3721 senteutiae.
1122 3652 1184 3721 Illa
1191 3651 1284 3721 enim
1302 3654 1451 3721 narratio

335 3891 337 3895 ’
414 3908 607 3989 terrui,
625 3908 758 3991 ayc.‚5.

416 4013 428 4051 ²
450 4016 498 4078 of.
514 4016 599 4091 inin,
617 4034 682 4096 pag.
698 4015 745 4079 29.

414 4121 426 4159 ³
448 4123 535 4195 Quod
550 4132 634 4203 negat
649 4122 752 4197 Trici,
767 4123 813 4186 De
830 4122 942 4204 llphor.
962 4120 1112 4203 Spartan,
1130 4140 1196 4203 pag.
1211 4120 1242 4185 6.
