3159 5059
1691 829 1753 911 Ι.

885 1041 1063 1109 Qum
1100 1044 1468 1101 TRAmTUM
1505 1046 1613 1097 sn*
1651 1013 1741 1097 ns
1784 1044 2223 1099 EPHORORUM
2262 1044 2569 1098 omerus.

756 1297 934 1364 Inter
951 1316 1025 1364 se
1043 1295 1449 1365 dissentiunt
1477 1283 1843 1386 scriptores
1874 1297 1957 1365 de
1977 1298 2342 1386 ephoratus
2365 1275 2755 1387 primordiis
2789 1326 2804 1385 ;
2839 1267 2845 1272 .

659 1443 819 1490 nam
858 1422 972 1489 alii
1001 1423 1414 1511 Lycurgum,
1461 1424 1573 1492 alii
1604 1423 2122 1512 Theopompum
2150 1443 2384 1511 regem
2410 1425 2616 1493 huius
2660 1447 2814 1522 ma-

662 1550 982 1637 gistratus
1024 1554 1373 1617 auctorem
1422 1549 1634 1617 fuisse
1692 1547 1991 1616 tradunt.
2057 1548 2313 1617 Idcirco
2367 1556 2519 1619 ante
2589 1551 2818 1618 omnia

665 1674 1088 1743 monendum
1123 1680 1227 1742 est
1265 1695 1305 1742 a
1351 1673 1839 1743 uetustioribus
1881 1656 2327 1763 scriptoribus
2368 1675 2834 1763 antiquiorem-

669 1800 731 1867 ei
768 1800 1038 1867 muneri
1068 1799 1153 1867 de
1181 1820 1315 1888 quo
1346 1798 1567 1887 agitur
1596 1797 1929 1885 originem
1949 1797 2271 1865 tributam
2288 1818 2463 1867 esse.
2487 1799 2821 1887 Utrosque
2894 1832 2902 1840 ·

674 1926 890 1994 secuti
929 1931 1086 1993 sunt
1125 1925 1403 2015 quidam
1440 1923 1525 1992 de
1572 1923 1823 2011 quibus
1861 1931 2015 2011 post
2053 1903 2432 1991 dicendum·
2448 1929 2571 1991 est.
2630 1924 2825 1991 Nunc

675 2051 923 2141 quibus
961 2049 1246 2119 testibus
1286 2019 1776 2119 confirmentur
1814 2050 2173 2137 praecipuae
2213 2050 2346 2117 illae
2406 2049 2624 2117 amhae
2664 2044 2825 2118 sen-

677 2178 930 2261 tentiae,
966 2179 1141 2246 inter
1172 2199 1245 2247 se
1286 2185 1768 2268 repugnanteS,
1808 2176 2335 2246 examinandum
2365 2184 2490 2245 est.

775 2307 1026 2374 Notum
1065 2310 1168 2373 est
1195 2311 1262 2375 et
1298 2306 1655 2394 uulgatum
1693 2304 1901 2394 priori
1942 2301 2291 2373 sententiae
2329 2306 2583 2374 fauisse
2605 2308 2825 2375 Hero-

681 2430 917 2499 dotum
936 2437 1002 2498 et
1021 2431 1444 2520 scriptorem,
1470 2432 1880 2519 quicumque
1903 2436 2028 2514 est,
2047 2430 2260 2498 libelli
2284 2431 2399 2520 qui
2421 2436 2532 2499 Res
2549 2436 2837 2515 publica·
2930 2488 2936 2493 .

679 2562 1330 2625 Lacedaemoniorum
1361 2557 1789 2643 inscribitur3
1826 2557 2180 2644 posteriori
2221 2558 2594 2641 Platonem,
2631 2559 2823 2626 Aris-

681 2684 982 2766 totelem,
1039 2682 1496 2750 Plutarchum.
1535 2682 1855 2750 Alterutri
1896 2683 2245 2750 sententiae
2299 2683 2631 2752 accedunt
2673 2686 2838 2779 qui«.

684 2829 977 2898 cumque
1009 2808 1092 2877 de
1135 2809 1408 2898 ephoris
1451 2808 1789 2876 dixerunt.

781 2936 1289 3019 Gravissimum
1319 2956 1469 3004 esse
1516 2938 1691 3006 inter
1734 2937 1961 3004 omnia
1998 2936 2464 3004 testimonium
2512 2936 2834 3006 Herodoti

683 3081 888 3130 nemo
912 3067 1014 3130 est
1041 3061 1156 3152 qui
1173 3062 1520 3129 infitietur.
1539 3062 1596 3127 N
1602 3061 1725 3127 ihil·
1742 3060 1927 3128 enim
1947 3064 2021 3127 ut
2036 3058 2255 3127 dicam
2279 3061 2377 3135 de,
2403 3061 2839 3149 comprobata

685 3183 988 3253 historici
1057 3184 1332 3260 fiducia,
1391 3204 1547 3251 cum
1602 3184 1855 3278 Spartae
1911 3204 2073 3251 eum
2138 3188 2634 3252 commorat-um
2689 3206 2839 3268 esse

692 3314 1117 3406 compertum
1166 3310 1251 3377 sit
1287 3308 1333 3394 ¹,
1370 3309 1464 3376 ihi
1502 3310 1741 3397 procul
1782 3308 1987 3376 dubio
2034 3309 2197 3398 quid
2234 3310 2364 3398 ipsi
2413 3311 2718 3397 Spartani
2758 3310 2838 3379 de

691 3436 970 3525 antiqua
1009 3435 1299 3503 ciuitatis
1340 3454 1483 3502 suae
1512 3434 1990 3502 constitutione
2021 3435 2373 3518 sentirent,
2408 3435 2616 3504 homo
2656 3441 2838 3505 uete-

692 3582 846 3628 rum
875 3581 1107 3629 rerum
1126 3557 1673 3628 studiosissimus
1700 3560 1978 3648 accepit.
2006 3560 2331 3648 Spartana
2351 3560 2496 3628 haec
2520 3565 2621 3628 est
2642 3581 2844 3651 quam

693 3684 902 3753 refert
946 3683 1087 3767 ille,
1137 3684 1320 3753 fama
1357 3690 1422 3752 et
1461 3684 1714 3773 Spartae
1751 3684 2021 3773 publice
2052 3704 2131 3752 eo
2160 3690 2468 3772 tempore
2514 3706 2843 3754 memora-

693 3812 941 3897 batur„
965 3832 1123 3879 oum
1162 3811 1256 3878 ihi
1295 3785 1683 3880 Herodotus
1713 3810 1799 3879 ad
1835 3810 2408 3909 conscribendum
2436 3832 2609 3903 opus
2645 3820 2849 3882 mate-

778 4025 794 4057 ¹
840 4020 1087 4098 Herod.²
1121 4019 1239 4093 ΙΙΙ,
1274 4019 1371 4081 55.
