3159 5059
818 440 978 504 ..98-

358 594 426 665 que
448 574 578 645 Helotae
598 577 815 648 aiuuenibus
835 577 1098 651 obscurarentur
1121 582 1215 650 Plato
1230 578 1238 614 ’
1255 586 1289 650 et
1308 581 1438 649 Plutar-

357 696 461 768 chus²
476 701 669 791 perhibent,
683 708 717 773 ot
726 704 866 775 affectos
881 726 956 777 esse
971 728 1073 797 poeua
1087 709 1144 799 qui
1153 708 1298 778 iuuenes
1311 706 1439 797 aliquid

356 831 474 894 contra
492 848 605 899 mores
629 834 686 897 aut
704 829 840 899 uirtutis
859 836 893 901 et
910 831 1119 903 fortitudinis
1137 837 1307 924 praecepta
1326 832 1437 911 adrni÷

358 950 521 1023 sissent³.

408 1080 451 1149 Vt
476 1080 512 1149 in
535 1081 671 1151 ciuitate
700 1083 743 1151 ad
769 1083 901 1153 bellum
924 1104 1060 1175 semper
1091 1085 1246 1155 ordinata
1269 1090 1303 1153 et
1326 1088 1440 1173 perata

362 1210 489 1273 rectam
505 1205 600 1275 urbis
618 1209 900 1297 temperationem
911 1215 945 1278 et
954 1209 1157 1279 modestiam
1172 1209 1439 1279 assumerentrei

363 1329 507 1417 puhlicae
531 1331 690 1401 custodes
717 1332 830 1401 effecit
855 1354 975 1402 eorum
999 1334 1175 1403 iudiciaria
1189 1339 1341 1423 potestas
1363 1351 1440 1425 cum

362 1455 500 1525 militari
524 1458 721 1529 auctoritate
740 1458 857 1527 mixta.
885 1459 1012 1549 Aspera
1031 1460 1120 1528 hanc
1138 1466 1172 1527 et
1195 1477 1441 1547 nonnunquam

366 1581 561 1675 crudeliter,
585 1589 623 1650 ut
643 1582 859 1671 optimatium
871 1583 983 1652 solent
1001 1582 1129 1673 ubique
1145 1582 1307 1665 ministri,
1326 1581 1442 1671 ephori

365 1713 590 1777 exercuerunt
601 1704 626 1773 ⁴.
647 1708 687 1774 Et
701 1727 742 1776 eo
759 1708 880 1777 acriori
895 1707 1071 1795 uigilantia
1085 1707 1304 1797 disciplinam
1316 1708 1443 1776 ciuium

280 1880 282 1885 .
365 1836 399 1899 et
417 1833 679 1921 peregrinorum
697 1833 801 1902 etiem
821 1834 949 1922 Spartae
965 1830 1275 1903 commorantium⁵
1292 1833 1442 1922 specula·

364 1958 509 2043 bantur,
545 1959 638 2049 quod
666 1981 708 2029 ex
740 1961 879 2029 arbitrio
911 1960 966 2029 ius
993 1959 1150 2029 dicebant
1178 1980 1242 2028 suo
1270 1979 1336 2028 nec
1368 1959 1443 2027 ullis

362 2084 496 2171 legibus
512 2086 645 2173 scriptis
661 2092 756 2165 erant
771 2084 933 2155 adstricti.
953 2087 1130 2155 Rationem
1145 2087 1285 2176 insuper
1299 2083 1443 2154 reddere

362 2212 533 2283 anemine
558 2212 623 2281 nisi
643 2211 933 2283 asuccessoribus
947 2218 982 2282 et
1001 2213 1142 2301 collegis
1157 2212 1231 2300 cogi
1246 2208 1417 2302 poterant⁶
1433 2234 1441 2296 ;
1550 2285 1551 2308 1

364 2339 537 2411 rarissima
560 2346 674 2410 tamen
697 2342 855 2432 exempla
875 2342 979 2411 huius
997 2340 1226 2430 inquisitionis
1251 2339 1443 2429 produntur
1550 2397 1551 2406 ,

408 2657 417 2690 ¹
445 2652 544 2729 Ptato,
562 2653 607 2712 De
623 2653 710 2730 Leg„
728 2653 755 2726 I,
772 2670 837 2731 pag.
854 2650 921 2716 633.

405 2763 417 2797 ’
439 2760 538 2833 Ptrrt„
559 2759 647 2836 Lyd,
664 2758 714 2819 28.

405 2865 418 2903 ³
438 2866 499 2941 Id,
517 2868 614 2929 instit.
632 2864 745 2939 lacon,
763 2866 886 2944 possim.
911 2864 959 2929 ct.
976 2868 1122 2944 Xenoph„
1139 2867 1184 2927 De
1198 2864 1244 2927 Re
1260 2862 1341 2944 publ.
1360 2865 1449 2925 Lace·

371 2973 587 3047 daemou.‚111‚
605 2974 635 3035 3.
660 3035 662 3041 ,

412 3085 424 3119 ⁴
446 3083 491 3143 De
503 3079 664 3151 Oinndone‚
682 3098 712 3140 v.
724 3082 872 3159 Konope,
887 3080 1020 3156 Hellen,
1032 3080 1092 3155 111,
1104 3080 1135 3157 3,
1148 3080 1178 3142 8.
1195 3078 1352 3151 Quomodo
1364 3085 1452 3141 morte

373 3187 715 3267 plectendos'curauerint
726 3186 830 3266 ephori
841 3203 894 3265 eos
904 3189 954 3266 qui
964 3186 1207 3248 rerumordioem
1217 3186 1451 3247 euerterecooati

373 3301 451 3366 sunt,
466 3290 668 3375 Epaminonda
680 3291 745 3354 urbi
757 3294 921 3366 minitante,
934 3291 1019 3353 docet
1030 3293 1127 3365 Pico,
1141 3293 1246 3370 Ager„
1260 3290 1313 3353 32.
1329 3292 1454 3369 Depott

375 3405 420 3466 tia
432 3403 462 3463 iu
479 3400 544 3467 urbi
561 3401 747 3482 postolodem
761 3402 948 3463 Leuctricam
960 3400 996 3462 ab
1009 3402 1127 3481 ephoris
1139 3409 1250 3473 curru,
1264 3418 1292 3461 v.
1304 3400 1452 3481 Apophth.

382 3508 493 3584 lacon,
518 3526 582 3591 pag.
605 3507 671 3571 112.
698 3510 744 3571 De
766 3509 891 3570 coercita
905 3508 1034 3582 luxuria,
1056 3526 1085 3568 r.
1108 3508 1203 3580 Ptute,
1226 3506 1324 3567 lostit.
1349 3504 1452 3583 lacon,

374 3634 460 3699 pass.
1364 3673 1366 3676 ,

427 3726 438 3761 ⁶
459 3729 601 3795 ξινηλασίαι
617 3722 827 3803 reperiebant,
852 3722 1031 3801 ephororum
1046 3722 1139 3795 iussu,
1157 3720 1207 3782 sed
1223 3738 1260 3783 ne
1274 3738 1291 3782 e
1307 3720 1370 3800 tege
1383 3728 1456 3782 certa

374 3832 482 3892 eiectos
497 3848 563 3893 esse
579 3830 749 3910 peregrinos
764 3827 928 3889 credamus
948 3827 1042 3887 multa
1057 3828 1224 3887 testimonia
1238 3836 1369 3901 mouent,
1385 3828 1456 3887 inter

377 3956 444 4019 qua
459 3939 607 4017 Kanope,
624 3938 764 4011 Memor„
784 3936 810 4010 1,
827 3935 857 4009 2,
873 3932 923 3995 61.
1389 3927 1395 3933 ’

426 4048 438 4083 ⁶
462 4046 574 4119 Arist,
594 4043 676 4116 Pet,
693 4043 735 4117 n,
752 4040 782 4117 6,
802 4040 848 4103 14.
869 4035 969 4115 tutor,
986 4038 1073 4102 5-14.
1090 4037 1187 4101 Beldr.
1205 4039 1275 4101 mei.
