3159 5059
599 490 638 504 ..
660 455 698 521 99
719 492 758 503 ..

129 604 165 669 ct
191 618 313 669 reuera
337 597 455 688 ephori
483 618 618 667 summo
637 598 780 689 imperio
800 618 855 669 res
873 598 994 668 ciuiles
1018 601 1051 668 et
1076 597 1219 669 bellicas

26 750 29 757 ·
129 730 321 797 tractarunt
337 721 361 793 ¹.

180 854 359 942 Nusquam
374 857 488 921 autem
501 854 625 922 clarius
645 854 757 923 elucet
774 854 848 924 hac
864 854 991 945 duplex
1011 854 1218 943 ephororum

129 979 219 1049 iuris
230 977 331 1048 dictio
340 998 443 1067 quam
454 978 489 1045 in
500 979 646 1067 syssitiis
657 1000 735 1048 cum
747 1001 783 1050 re
793 981 944 1065 militari,
956 984 995 1049 ut
1004 982 1219 1047 Bielclwwslci

131 1103 250 1187 euicit,
279 1102 527 1172 cohaerentibus
547 1100 573 1172 ².
609 1104 696 1173 Nam
721 1112 753 1175 et
785 1106 966 1176 Aristotele
997 1111 1127 1175 constat
1159 1105 1219 1193 qui

131 1228 352 1297 collationem
369 1228 404 1296 in
428 1229 565 1316 syssitia
589 1228 743 1299 conferre
764 1232 946 1320 nequirent
965 1252 1025 1301 eos
1044 1232 1219 1299 ciuitatem

133 1354 292 1423 amisisse
307 1350 333 1420 ³.
356 1352 453 1431 Quod
472 1353 612 1443 quidem
630 1375 707 1423 raro
731 1356 978 1445 antiquissimis
1001 1354 1216 1445 temporibus

133 1478 268 1563 accidit,
292 1480 320 1549 si
340 1480 575 1548 Hermannum
601 1482 802 1570 sequimur;
827 1501 965 1551 onemo
980 1482 1085 1565 enim,
1109 1487 1148 1549 ut
1172 1481 1219 1548 ait

137 1604 379 1675 »doctissimus
397 1605 462 1687 vir,
490 1626 532 1673 ex
555 1606 701 1694 Lycurgi
722 1604 951 1696 descriptione
979 1604 1065 1673 adeo
1088 1623 1219 1693 pauper

137 1752 236 1801 »esse
262 1736 393 1821 poterat
416 1732 500 1819 quin
531 1732 658 1800 iustam
678 1733 800 1801 saltem
831 1732 1024 1821 portionem
1055 1730 1218 1799 exhibere

137 1851 340 1948 »posset⁴».
358 1855 401 1924 At
416 1854 582 1945 quidquid
602 1862 653 1924 est
668 1857 702 1924 in
717 1857 772 1925 his
794 1858 869 1925 ueri
884 1852 1032 1939 similei,
1055 1856 1124 1922 iam
1142 1860 1219 1924 ante

134 1984 227 2052 hella
239 1982 410 2053 messenia
420 1987 653 2072 paupertatem
665 1984 701 2050 in
715 1984 889 2053 ciuitatem
899 1984 1076 2072 irrepsisse
1089 1981 1218 2071 accepi-

135 2130 214 2179 mus
232 2114 265 2179 et
284 2110 319 2176 in
338 2107 412 2177 dies
436 2110 551 2177 minus
578 2114 737 2200 spartane
768 2110 893 2198 cuique
919 2108 986 2177 ciui
1008 2108 1090 2176 satis
1112 2106 1220 2175 fuisse

137 2256 259 2325 agrum
286 2233 543 2318 hereditarium,
565 2240 603 2303 ut
631 2235 821 2324 disciplina
845 2234 992 2303 ciuitatis
1015 2237 1161 2322 pareret,
1191 2233 1220 2299 si

136 2361 251 2451 proles
270 2364 362 2429 esset
384 2379 580 2428 numerosa.
609 2360 681 2437 Quo
701 2360 789 2428 redit
810 2358 895 2427 illud
919 2357 1110 2427 Aristotelis
1128 2356 1220 2425 iudi-

134 2490 227 2559 cium
246 2487 346 2576 (Pol,
369 2486 411 2570 II,
436 2486 470 2568 6,
497 2487 551 2555 13.
581 2481 701 2572 11701,
725 2486 800 2572 5-6,
823 2488 927 2555 Bekk.
950 2485 1074 2575 mail:
1100 2489 1221 2579 φανερὸν

135 2618 176 2690 ὅτι
195 2620 310 2689 πολλῶν
332 2617 498 2709 γενομένων,
526 2628 576 2695 τῆς
599 2615 629 2685 δὲ
648 2619 749 2710 χώρας
772 2612 847 2687 οὗτοι
875 2615 1040 2709 διῃρημένης
1066 2619 1222 2705 ὠναγκαῖον

128 2748 258 2829 ,πολλοὺς
271 2747 394 2838 γίνεσθαι
408 2743 542 2823 πένητας,
560 2740 615 2808 cui
630 2738 787 2809 addenda
802 2746 854 2809 est
866 2741 970 2809 etiam
979 2739 1038 2807 illa
1052 2738 1221 2807 sententia

138 2870 239 2960 (Pol,
261 2868 304 2950 II,
324 2868 358 2951 3,
377 2865 409 2933 6.
435 2865 556 2949 1165·,
576 2864 703 2947 38-39,
726 2866 832 2934 Behlr.
855 2861 975 2957 mail:
996 2878 1106 2937 ἄτοπον
1122 2866 1153 2935 δὲ
1169 2870 1221 2944 τὰς

137 3007 249 3079 κτήσεις
265 3002 400 3079 ἰσάζοντα
413 3000 445 3065 τὸ
458 3001 522 3089 περὶ
539 3000 569 3066 τὸ
587 2998 691 3075 πλῆθος
706 3007 764 3067 τῶν
781 2999 905 3067 πολιτῶν
918 3001 958 3087 μὴ
975 3000 1219 3079 κατασκευάζειν,

136 3112 199 3199 ahl'
206 3134 316 3220 ἀφεῖναι
331 3130 382 3199 τὴν
398 3128 575 3193 τεκνοποιίαν
588 3122 732 3214 ἀόριστον.

188 3248 275 3327 Quid
303 3247 333 3315 si
361 3246 447 3315 ciuis
476 3245 583 3313 multa
609 3244 800 3315 afficeretur
827 3244 869 3313 ab
898 3245 1036 3335 ephoris
1055 3244 1101 3312 ita
1121 3248 1159 3311 ut
1180 3242 1223 3311 ad

178 3514 187 3552 ¹
210 3512 257 3575 Oi.
275 3512 370 3586 Plau,
388 3514 458 3590 Ag..
473 3512 522 3588 ta,
540 3520 570 3574 et
583 3514 729 3594 Xenoplr„
743 3513 863 3588 Hellen,
875 3514 932 3587 11„
947 3516 975 3591 3,
988 3513 1037 3577 34.
1054 3512 1223 3575 Aristotelis
1315 3524 1318 3529 ’

140 3620 224 3682 locus
237 3622 268 3681 in
284 3618 388 3694 Rhet,
404 3620 462 3694 lli,
480 3619 529 3693 18,
548 3618 579 3693 6,
596 3619 749 3683 ohscurior
762 3630 817 3683 ost.

176 3726 190 3767 ²
215 3726 422 3799 Biclrlcowslci‚
438 3726 485 3787 De
500 3726 637 3806 Spartan.
658 3728 786 3807 Syssil.,
803 3747 868 3809 pag.
886 3729 924 3793 32
940 3748 1004 3809 sqq.

180 3838 192 3871 ³
214 3835 323 3907 Arica,
342 3831 481 3907 Pol.‚11,
499 3832 529 3909 6,
546 3832 599 3894 21.
622 3831 724 3909 turta,
744 3834 840 3897 26-37
853 3836 948 3898 Belrk.
964 3838 1034 3898 mai.

180 3939 194 3978 ⁴
215 3940 388 4014 Hermann,
404 3940 507 4019 Antiq.
524 3940 635 4013 lacon,
651 3958 717 4021 pag.
737 3941 807 4003 147.
838 3943 886 4004 cf.
904 3942 1017 4005 Lehrb.

182 4052 196 4087 ⁸
216 4047 427 4123 Bielchowslci,
452 4049 498 4110 De
515 4048 651 4127 Spartan.
670 4050 798 4130 Spania,
815 4068 884 4130 pag.
904 4050 1014 4114 46-47.
