3159 5059
1696 429 2010 492 ..50-

780 570 1038 639 scilicet
1079 568 1178 638 rei
1216 567 1287 635 in
1317 567 1447 636 hoc
1481 567 1702 660 posita
1749 573 1852 636 est
1899 589 1914 634 z
1959 565 2209 656 quibus
2247 565 2627 635 constiterit
2662 565 2941 635 ciuibus

776 698 1072 788 populus
1108 697 1223 765 ille
1245 696 1362 786 qui
1393 715 1433 763 a
1459 694 1721 764 cunctis
1750 693 2194 783 scriptoribus
2229 700 2515 762 uocatur
2541 695 2736 787 δῆμος.

854 825 1011 891 -Nec
1045 821 1343 891 Athenas
1389 820 1596 906 enim,
1631 839 1763 890 nec
1791 819 2189 887 Corinthum
2220 824 2336 887 aut
2391 819 2707 909 quamuis
2735 840 2772 888 e
2806 819 2933 889 do-

773 947 1115 1015 riensibus
1142 946 1529 1014 ciuitatibus
1565 965 1720 1012 cum
1753 945 1990 1032 Sparta
2017 942 2331 1012 conferre
2351 944 2533 1027 licet,
2570 964 2727 1012 cum
2754 950 2937 1012 tem-

771 1091 1019 1161 porum
1045 1090 1435 1160 progreSSU,
1479 1069 1782 1137 historiae
1812 1067 1947 1137 fide
1974 1067 2442 1158 comprobatO,
2478 1069 2939 1157 compositam

771 1195 1161 1285 reipublicae
1190 1194 1620 1285 disciplinam
1658 1192 2171 1282 deprehendere
2209 1193 2280 1260 in
2304 1198 2624 1283 promptu
2653 1194 2763 1263 sit.
2803 1194 2939 1262 Hae

771 1319 1077 1388 ciuitates
1113 1318 1373 1386 tardius
1411 1338 1619 1407 quam
1648 1317 1885 1406 Sparta
1914 1316 2000 1385 ad
2038 1318 2466 1407 optimatium
2503 1317 2930 1386 dominatio-

765 1463 926 1512 nem
944 1462 1345 1533 peruenere3
1375 1441 1497 1511 sed
1527 1442 1621 1509 ibi
1650 1450 1912 1511 morata
1931 1449 2035 1511 est
2055 1444 2312 1539 Sparta,
2350 1442 2516 1510 dum
2537 1449 2929 1512 mercatura

765 1575 831 1637 et
868 1568 1026 1638 inde
1056 1565 1514 1637 contractibus
1547 1567 1713 1635 ortis
1738 1574 2275 1658 exaggerataque
2303 1567 2661 1636 hominum
2686 1568 2923 1636 multi·

758 1693 1000 1764 tudine
1023 1702 1264 1764 ceterae
1286 1693 1492 1763 urbes
1515 1693 1601 1762 ad
1619 1714 1839 1762 nouas
1857 1714 1966 1762 res
1987 1694 2365 1763 moliendas
2384 1692 2881 1765 excitabantur¹
2903 1751 2918 1763 .

857 1820 1096 1889 Paucis
1137 1826 1364 1887 autem
1418 1820 1805 1887 constitisse
1843 1819 2029 1887 hunc
2066 1820 2435 1909 populum,
2492 1820 2603 1889 cui
2659 1840 2924 1890 nomen

755 1946 952 2039 δῆμος,
992 1949 1059 2014 et
1095 1942 1538 2033 paucioribus
1579 1944 1650 2011 in
1692 1942 1839 2012 dies
1894 1948 2139 2012 cuncta
2184 1944 2432 2014 docent
2475 1947 2906 2017 testimonia.

757 2070 906 2153 Cui,
955 2069 1012 2137 si
1043 2068 1502 2137 Schoemanno
1549 2067 1894 2136 credimus
1940 2074 2008 2138 et
2048 2073 2285 2139 homoei
2318 2070 2433 2159 qui
2471 2077 2804 2139 uocantur
2841 2079 2922 2141 et

757 2213 931 2283 quos
961 2213 1130 2263 uoce
1169 2198 1332 2264 καλοὶ
1370 2200 1608 2288 κάγαθοὶ
1627 2194 2023 2262 Aristoteles
2044 2195 2381 2282 significat
2411 2198 2915 2266 annumerandi

753 2325 912 2387 sunt
939 2314 993 2385 ².
1055 2320 1227 2387 Nam
1293 2324 1749 2403 hypomioneS,
1812 2325 1888 2386 ut
1946 2324 2208 2388 ceteros
2265 2319 2540 2389 ordines
2607 2322 2912 2391 ciuitatis

751 2442 1167 2525 omittamus,
1191 2441 1298 2509 his
1329 2461 1697 2530 aggregare
1720 2442 1933 2509 nolim
1972 2463 2143 2530 quos
2173 2462 2353 2531 saepe
2392 2443 2774 2531 Xenophon
2793 2464 2908 2513 res

747 2586 964 2635 nouas
994 2565 1352 2635 meditatos
1381 2585 1530 2634 esse
1553 2565 1847 2634 ostendit
1869 2563 1894 2607 3
1914 2571 2005 2649 et,
2024 2572 2099 2634 ut
2120 2564 2525 2650 Gilbertus⁴,
2546 2587 2687 2635 non
2715 2569 2908 2637 ciues
2998 2603 3002 2608 ·

746 2691 1001 2780 optimo
1031 2691 1180 2759 iure
1218 2690 1431 2759 fuisse
1471 2689 1795 2758 libentius
1818 2689 2124 2759 arbitrer.

840 2816 971 2885 Sed
991 2836 1125 2906 quo
1155 2822 1461 2905 tempore
1489 2816 1788 2905 primum
1817 2815 1999 2883 hunc
2027 2816 2363 2905 populum
2401 2816 2473 2884 in
2506 2818 2901 2887 contionem

739 2944 1016 3012 uenisse
1059 2948 1127 3012 et
1165 2942 1248 3012 de
1288 2940 1493 3011 rebus
1531 2943 1675 3010 suis
1703 2942 1927 3030 egisse
1983 2943 2409 3032 respicimus,
2451 2945 2682 3013 minus
2720 2965 2897 3014 enu-

737 3069 950 3137 cleate
985 3074 1311 3157 apparent
1336 3067 1482 3135 haec
1520 3068 1747 3135 omnia
1776 3065 2191 3135 discrimina.
2239 3066 2438 3156 Apud
2467 3068 2893 3139 Herodotum

815 3314 833 3353 ⁴
883 3317 1087 3379 Fustel
1115 3318 1185 3378 de
1217 3319 1570 3394 Comama,
1609 3316 1740 3378 Gite
1768 3316 2007 3395 antique
2034 3316 2180 3398 (XIa
2205 3313 2395 3397 edit.),
2427 3333 2559 3396 pag.
2594 3313 2885 3378 283-297.

734 3424 830 3488 Of.
850 3405 1043 3486 F'Jtude
1068 3442 1170 3485 sur
1192 3423 1248 3485 la
1268 3425 1571 3503 Propriete
1589 3426 1622 3483 a
1647 3422 1876 3502 Sparte.
1906 3423 2162 3484 Seances
2184 3432 2243 3485 et
2261 3424 2535 3485 Travaux
2557 3421 2629 3483 de
2651 3421 2882 3483 l’Acad.

729 3529 830 3591 des
877 3531 1153 3592 Sciences
1202 3529 1456 3592 morales
1505 3540 1562 3593 et
1599 3530 1930 3611 potitiqueS,
1978 3528 2250 3592 nouvelle
2294 3530 2470 3603 serie,
2527 3538 2669 3591 tom.
2705 3528 2876 3601 XIV,

728 3636 906 3711 1880,
939 3655 1072 3717 pag.
1102 3637 1241 3701 859.

803 3752 828 3790 2
863 3746 1254 3820 Schoemann,
1289 3746 1513 3825 Opusc.
1547 3745 1837 3824 academ„
1871 3747 1924 3821 Ι,
1965 3745 2099 3809 147.

804 3853 828 3891 ³
869 3854 1168 3934 Xenoph.‚
1203 3854 1469 3929 Hellen„
1489 3872 1647 3935 pass,

799 3963 821 3996 ⁴
869 3960 1117 4034 Gilbert‚
1150 3960 1478 4023 Handbuch
1508 3960 1613 4023 der
1642 3960 1987 4039 griechisch.
2015 3958 2443 4025 Staatsalterth.
2481 3960 2645 4021 Erst.
2689 3957 2868 4031 Band,

722 4085 852 4146 pag.
890 4066 965 4127 42
981 4112 995 4127 .
