<?xml version="1.0" encoding="UTF-8"?>
<!DOCTYPE html PUBLIC "-//W3C//DTD XHTML 1.0 Transitional//EN"
    "http://www.w3.org/TR/xhtml1/DTD/xhtml1-transitional.dtd">
<html xmlns="http://www.w3.org/1999/xhtml" xml:lang="en" lang="en">
 <head>
  <title>
</title>
<meta http-equiv="Content-Type" content="text/html;charset=utf-8" />
  <meta name='ocr-system' content='tesseract 3.04.00' />
  <meta name='ocr-capabilities' content='ocr_page ocr_carea ocr_par ocr_line ocrx_word'/>
</head>
<body>
  <div class='ocr_page' id='page_1' title='image "./deephorissparta00gachgoog_0115.png"; bbox 0 0 3159 5059; ppageno 0'>
   <div class='ocr_carea' id='block_1_1' title="bbox 639 534 798 599">
    <p class='ocr_par' dir='ltr' id='par_1_1' title="bbox 639 534 798 599">
     <span class='ocr_line' id='line_1_1' title="bbox 639 534 798 599; baseline 0 -16"><span class='ocrx_word' id='word_1_1' title='bbox 639 534 798 599; x_wconf 75' lang='lat'>..91-</span> 
     </span>
    </p>
   </div>
   <div class='ocr_carea' id='block_1_2' title="bbox 167 674 1254 2150">
    <p class='ocr_par' dir='ltr' id='par_1_2' title="bbox 167 674 1242 1003">
     <span class='ocr_line' id='line_1_2' title="bbox 167 674 1240 769; baseline -0.006 -18"><span class='ocrx_word' id='word_1_2' title='bbox 167 678 355 751; x_wconf 79' lang='lat' dir='ltr'>abnuerent</span> <span class='ocrx_word' id='word_1_3' title='bbox 366 676 391 749; x_wconf 83' lang='lat'>⁴.</span> <span class='ocrx_word' id='word_1_4' title='bbox 409 678 511 749; x_wconf 84' lang='lat' dir='ltr'>Filias</span> <span class='ocrx_word' id='word_1_5' title='bbox 524 676 671 769; x_wconf 79' lang='lat' dir='ltr'>Alcippi,</span> <span class='ocrx_word' id='word_1_6' title='bbox 688 678 746 767; x_wconf 90' lang='lat' dir='ltr'>qui</span> <span class='ocrx_word' id='word_1_7' title='bbox 757 676 872 746; x_wconf 92' lang='lat' dir='ltr'>solum</span> <span class='ocrx_word' id='word_1_8' title='bbox 884 681 1019 746; x_wconf 90' lang='lat' dir='ltr'>uertere</span> <span class='ocrx_word' id='word_1_9' title='bbox 1033 674 1149 746; x_wconf 88' lang='lat' dir='ltr'>iussus</span> <span class='ocrx_word' id='word_1_10' title='bbox 1167 680 1240 747; x_wconf 88' lang='lat' dir='ltr'>erat</span> 
     </span>
     <span class='ocr_line' id='line_1_3' title="bbox 167 803 1242 894; baseline -0.006 -17"><span class='ocrx_word' id='word_1_11' title='bbox 167 807 210 877; x_wconf 93' lang='lat' dir='ltr'>ob</span> <span class='ocrx_word' id='word_1_12' title='bbox 237 827 354 876; x_wconf 93' lang='lat' dir='ltr'>rerum</span> <span class='ocrx_word' id='word_1_13' title='bbox 370 826 540 875; x_wconf 90' lang='lat' dir='ltr'>nouarum</span> <span class='ocrx_word' id='word_1_14' title='bbox 558 803 722 888; x_wconf 88' lang='lat' dir='ltr'>studium,</span> <span class='ocrx_word' id='word_1_15' title='bbox 744 804 1001 873; x_wconf 81' lang='lat' dir='ltr'>matrimonium</span> <span class='ocrx_word' id='word_1_16' title='bbox 1018 804 1106 873; x_wconf 91' lang='lat' dir='ltr'>inire</span> <span class='ocrx_word' id='word_1_17' title='bbox 1123 804 1242 894; x_wconf 91' lang='lat' dir='ltr'>ephori</span> 
     </span>
     <span class='ocr_line' id='line_1_4' title="bbox 167 930 391 1003; baseline -0.004 -2"><span class='ocrx_word' id='word_1_18' title='bbox 167 930 391 1003; x_wconf 83' lang='lat' dir='ltr'>uetuerunt².</span> 
     </span>
    </p>

    <p class='ocr_par' dir='ltr' id='par_1_3' title="bbox 169 1056 1254 2150">
     <span class='ocr_line' id='line_1_5' title="bbox 219 1056 1244 1147; baseline 0.003 -20"><span class='ocrx_word' id='word_1_19' title='bbox 219 1060 267 1128; x_wconf 90' lang='lat' dir='ltr'>De</span> <span class='ocrx_word' id='word_1_20' title='bbox 284 1057 510 1127; x_wconf 82' lang='lat' dir='ltr'>herciscunda</span> <span class='ocrx_word' id='word_1_21' title='bbox 521 1056 663 1141; x_wconf 84' lang='lat' dir='ltr'>familia,</span> <span class='ocrx_word' id='word_1_22' title='bbox 673 1077 753 1126; x_wconf 90' lang='lat' dir='ltr'>cum</span> <span class='ocrx_word' id='word_1_23' title='bbox 766 1078 831 1127; x_wconf 89' lang='lat' dir='ltr'>nec</span> <span class='ocrx_word' id='word_1_24' title='bbox 843 1057 962 1147; x_wconf 85' lang='lat' dir='ltr'>legari,</span> <span class='ocrx_word' id='word_1_25' title='bbox 979 1079 1045 1129; x_wconf 87' lang='lat' dir='ltr'>nec</span> <span class='ocrx_word' id='word_1_26' title='bbox 1058 1058 1244 1130; x_wconf 90' lang='lat' dir='ltr'>abalienari</span> 
     </span>
     <span class='ocr_line' id='line_1_6' title="bbox 169 1181 1246 1273; baseline 0.001 -20"><span class='ocrx_word' id='word_1_27' title='bbox 169 1190 272 1253; x_wconf 90' lang='lat' dir='ltr'>uetus</span> <span class='ocrx_word' id='word_1_28' title='bbox 292 1181 536 1273; x_wconf 78' lang='lat' dir='ltr'>patrimonium</span> <span class='ocrx_word' id='word_1_29' title='bbox 549 1182 710 1270; x_wconf 87' lang='lat' dir='ltr'>potuerit,</span> <span class='ocrx_word' id='word_1_30' title='bbox 732 1187 767 1250; x_wconf 89' lang='lat' dir='ltr'>et</span> <span class='ocrx_word' id='word_1_31' title='bbox 785 1183 860 1250; x_wconf 87' lang='lat' dir='ltr'>ueri</span> <span class='ocrx_word' id='word_1_32' title='bbox 880 1183 993 1252; x_wconf 89' lang='lat' dir='ltr'>simile</span> <span class='ocrx_word' id='word_1_33' title='bbox 1012 1184 1056 1253; x_wconf 91' lang='lat' dir='ltr'>sit</span> <span class='ocrx_word' id='word_1_34' title='bbox 1073 1184 1246 1273; x_wconf 86' lang='lat' dir='ltr'>grandiori</span> 
     </span>
     <span class='ocr_line' id='line_1_7' title="bbox 171 1307 1250 1399; baseline 0.002 -20"><span class='ocrx_word' id='word_1_35' title='bbox 171 1316 255 1379; x_wconf 91' lang='lat' dir='ltr'>natu</span> <span class='ocrx_word' id='word_1_36' title='bbox 275 1310 361 1377; x_wconf 89' lang='lat' dir='ltr'>inter</span> <span class='ocrx_word' id='word_1_37' title='bbox 381 1308 471 1378; x_wconf 93' lang='lat' dir='ltr'>filios</span> <span class='ocrx_word' id='word_1_38' title='bbox 495 1307 581 1377; x_wconf 94' lang='lat' dir='ltr'>illud</span> <span class='ocrx_word' id='word_1_39' title='bbox 603 1309 800 1397; x_wconf 84' lang='lat' dir='ltr'>contigisse,</span> <span class='ocrx_word' id='word_1_40' title='bbox 823 1329 945 1399; x_wconf 91' lang='lat' dir='ltr'>parum</span> <span class='ocrx_word' id='word_1_41' title='bbox 967 1310 1104 1380; x_wconf 88' lang='lat' dir='ltr'>uidetur</span> <span class='ocrx_word' id='word_1_42' title='bbox 1121 1312 1158 1379; x_wconf 91' lang='lat' dir='ltr'>ia</span> <span class='ocrx_word' id='word_1_43' title='bbox 1174 1312 1250 1381; x_wconf 85' lang='lat' dir='ltr'>haec</span> 
     </span>
     <span class='ocr_line' id='line_1_8' title="bbox 172 1432 1249 1524; baseline 0.001 -20"><span class='ocrx_word' id='word_1_44' title='bbox 172 1435 337 1505; x_wconf 90' lang='lat' dir='ltr'>cecidisse</span> <span class='ocrx_word' id='word_1_45' title='bbox 351 1432 548 1503; x_wconf 88' lang='lat' dir='ltr'>iurisdictio</span> <span class='ocrx_word' id='word_1_46' title='bbox 562 1433 674 1502; x_wconf 93' lang='lat' dir='ltr'>ciuilis</span> <span class='ocrx_word' id='word_1_47' title='bbox 688 1439 765 1503; x_wconf 91' lang='lat' dir='ltr'>ante</span> <span class='ocrx_word' id='word_1_48' title='bbox 787 1433 901 1521; x_wconf 85' lang='lat' dir='ltr'>legem</span> <span class='ocrx_word' id='word_1_49' title='bbox 922 1434 1085 1524; x_wconf 83' lang='lat' dir='ltr'>Epitadei.</span> <span class='ocrx_word' id='word_1_50' title='bbox 1113 1436 1157 1504; x_wconf 78' lang='lat' dir='ltr'>nt</span> <span class='ocrx_word' id='word_1_51' title='bbox 1179 1456 1249 1505; x_wconf 90' lang='lat' dir='ltr'>non</span> 
     </span>
     <span class='ocr_line' id='line_1_9' title="bbox 170 1558 1251 1647; baseline 0.002 -20"><span class='ocrx_word' id='word_1_52' title='bbox 170 1558 377 1629; x_wconf 88' lang='lat' dir='ltr'>hereditario</span> <span class='ocrx_word' id='word_1_53' title='bbox 396 1563 529 1627; x_wconf 86' lang='lat' dir='ltr'>tantum</span> <span class='ocrx_word' id='word_1_54' title='bbox 548 1577 629 1646; x_wconf 86' lang='lat' dir='ltr'>agro</span> <span class='ocrx_word' id='word_1_55' title='bbox 645 1558 796 1626; x_wconf 90' lang='lat' dir='ltr'>euictam</span> <span class='ocrx_word' id='word_1_56' title='bbox 813 1563 867 1626; x_wconf 89' lang='lat' dir='ltr'>est</span> <span class='ocrx_word' id='word_1_57' title='bbox 880 1558 1063 1647; x_wconf 82' lang='lat' dir='ltr'>Spartanos</span> <span class='ocrx_word' id='word_1_58' title='bbox 1073 1564 1251 1629; x_wconf 84' lang='lat' dir='ltr'>contentos</span> 
     </span>
     <span class='ocr_line' id='line_1_10' title="bbox 171 1682 1250 1772; baseline 0.002 -21"><span class='ocrx_word' id='word_1_59' title='bbox 171 1682 300 1769; x_wconf 83' lang='lat' dir='ltr'>tuisse;</span> <span class='ocrx_word' id='word_1_60' title='bbox 325 1703 429 1772; x_wconf 89' lang='lat' dir='ltr'>quare</span> <span class='ocrx_word' id='word_1_61' title='bbox 454 1682 568 1750; x_wconf 89' lang='lat' dir='ltr'>diuisa</span> <span class='ocrx_word' id='word_1_62' title='bbox 585 1702 662 1751; x_wconf 89' lang='lat' dir='ltr'>esse</span> <span class='ocrx_word' id='word_1_63' title='bbox 683 1687 796 1750; x_wconf 87' lang='lat' dir='ltr'>cetera</span> <span class='ocrx_word' id='word_1_64' title='bbox 816 1682 919 1766; x_wconf 89' lang='lat' dir='ltr'>bona,</span> <span class='ocrx_word' id='word_1_65' title='bbox 950 1689 1087 1753; x_wconf 88' lang='lat' dir='ltr'>seruata</span> <span class='ocrx_word' id='word_1_66' title='bbox 1106 1683 1250 1753; x_wconf 87' lang='lat' dir='ltr'>fortasse</span> 
     </span>
     <span class='ocr_line' id='line_1_11' title="bbox 173 1808 1254 1899; baseline 0.001 -21"><span class='ocrx_word' id='word_1_67' title='bbox 173 1812 262 1879; x_wconf 92' lang='lat' dir='ltr'>inter</span> <span class='ocrx_word' id='word_1_68' title='bbox 289 1810 410 1879; x_wconf 89' lang='lat' dir='ltr'>fratres</span> <span class='ocrx_word' id='word_1_69' title='bbox 440 1810 683 1879; x_wconf 90' lang='lat' dir='ltr'>communione</span> <span class='ocrx_word' id='word_1_70' title='bbox 710 1808 875 1899; x_wconf 92' lang='lat' dir='ltr'>quadam,</span> <span class='ocrx_word' id='word_1_71' title='bbox 902 1808 1077 1899; x_wconf 89' lang='lat' dir='ltr'>probabile</span> <span class='ocrx_word' id='word_1_72' title='bbox 1111 1816 1176 1880; x_wconf 88' lang='lat' dir='ltr'>est.</span> <span class='ocrx_word' id='word_1_73' title='bbox 1204 1810 1254 1879; x_wconf 88' lang='lat' dir='ltr'>De</span> 
     </span>
     <span class='ocr_line' id='line_1_12' title="bbox 174 1933 1253 2024; baseline 0 -22"><span class='ocrx_word' id='word_1_74' title='bbox 174 1933 346 2003; x_wconf 90' lang='lat' dir='ltr'>iudicibus</span> <span class='ocrx_word' id='word_1_75' title='bbox 353 1936 441 2003; x_wconf 90' lang='lat' dir='ltr'>inter</span> <span class='ocrx_word' id='word_1_76' title='bbox 451 1955 523 2018; x_wconf 75' lang='lat' dir='ltr'>coe,</span> <span class='ocrx_word' id='word_1_77' title='bbox 536 1936 565 2003; x_wconf 93' lang='lat' dir='ltr'>si</span> <span class='ocrx_word' id='word_1_78' title='bbox 579 1955 635 2003; x_wconf 92' lang='lat' dir='ltr'>res</span> <span class='ocrx_word' id='word_1_79' title='bbox 646 1935 848 2024; x_wconf 89' lang='lat' dir='ltr'>postularet,</span> <span class='ocrx_word' id='word_1_80' title='bbox 860 1933 1033 2019; x_wconf 88' lang='lat' dir='ltr'>adhibitis,</span> <span class='ocrx_word' id='word_1_81' title='bbox 1044 1935 1130 2003; x_wconf 92' lang='lat' dir='ltr'>nihil</span> <span class='ocrx_word' id='word_1_82' title='bbox 1139 1954 1253 2024; x_wconf 91' lang='lat' dir='ltr'>reper-</span> 
     </span>
     <span class='ocr_line' id='line_1_13' title="bbox 177 2058 1252 2150; baseline 0.002 -22"><span class='ocrx_word' id='word_1_83' title='bbox 177 2068 251 2128; x_wconf 89' lang='lat' dir='ltr'>tum</span> <span class='ocrx_word' id='word_1_84' title='bbox 269 2066 333 2130; x_wconf 91' lang='lat' dir='ltr'>est.</span> <span class='ocrx_word' id='word_1_85' title='bbox 348 2058 414 2129; x_wconf 88' lang='lat' dir='ltr'>Sed</span> <span class='ocrx_word' id='word_1_86' title='bbox 433 2060 587 2150; x_wconf 84' lang='lat' dir='ltr'>Epitadei</span> <span class='ocrx_word' id='word_1_87' title='bbox 600 2062 657 2129; x_wconf 88' lang='lat' dir='ltr'>lex</span> <span class='ocrx_word' id='word_1_88' title='bbox 675 2058 768 2149; x_wconf 91' lang='lat' dir='ltr'>quod</span> <span class='ocrx_word' id='word_1_89' title='bbox 783 2060 825 2128; x_wconf 86' lang='lat' dir='ltr'>ab</span> <span class='ocrx_word' id='word_1_90' title='bbox 845 2060 973 2149; x_wconf 90' lang='lat' dir='ltr'>ephoro</span> <span class='ocrx_word' id='word_1_91' title='bbox 987 2067 1105 2148; x_wconf 84' lang='lat' dir='ltr'>rogata</span> <span class='ocrx_word' id='word_1_92' title='bbox 1118 2066 1169 2129; x_wconf 87' lang='lat' dir='ltr'>est</span> <span class='ocrx_word' id='word_1_93' title='bbox 1182 2080 1252 2130; x_wconf 91' lang='lat' dir='ltr'>crc-</span> 
     </span>
    </p>
   </div>
   <div class='ocr_carea' id='block_1_3' title="bbox 179 2185 1255 2379">
    <p class='ocr_par' dir='ltr' id='par_1_4' title="bbox 179 2185 1255 2379">
     <span class='ocr_line' id='line_1_14' title="bbox 179 2185 1255 2276; baseline -0.002 -21"><span class='ocrx_word' id='word_1_94' title='bbox 179 2187 293 2255; x_wconf 92' lang='lat' dir='ltr'>dimus</span> <span class='ocrx_word' id='word_1_95' title='bbox 307 2185 473 2254; x_wconf 90' lang='lat' dir='ltr'>indicium</span> <span class='ocrx_word' id='word_1_96' title='bbox 487 2207 563 2256; x_wconf 90' lang='lat' dir='ltr'>esse</span> <span class='ocrx_word' id='word_1_97' title='bbox 578 2186 786 2255; x_wconf 89' lang='lat' dir='ltr'>auctoritatis</span> <span class='ocrx_word' id='word_1_98' title='bbox 801 2185 844 2254; x_wconf 90' lang='lat' dir='ltr'>de</span> <span class='ocrx_word' id='word_1_99' title='bbox 859 2185 1104 2255; x_wconf 87' lang='lat' dir='ltr'>hereditatibus</span> <span class='ocrx_word' id='word_1_100' title='bbox 1118 2185 1255 2276; x_wconf 92' lang='lat' dir='ltr'>ephoris</span> 
     </span>
     <span class='ocr_line' id='line_1_15' title="bbox 179 2309 361 2379; baseline -0.005 -2"><span class='ocrx_word' id='word_1_101' title='bbox 179 2309 361 2379; x_wconf 88' lang='lat' dir='ltr'>mandatae.</span> 
     </span>
    </p>
   </div>
   <div class='ocr_carea' id='block_1_4' title="bbox 174 2524 1256 3883">
    <p class='ocr_par' dir='ltr' id='par_1_5' title="bbox 174 2524 1256 3883">
     <span class='ocr_line' id='line_1_16' title="bbox 194 2524 1256 2626; baseline 0.003 -21"><span class='ocrx_word' id='word_1_102' title='bbox 194 2600 196 2605; x_wconf 89' lang='lat'><em>.</em></span> <span class='ocrx_word' id='word_1_103' title='bbox 227 2524 322 2614; x_wconf 89' lang='lat' dir='ltr'>Quod</span> <span class='ocrx_word' id='word_1_104' title='bbox 350 2537 378 2605; x_wconf 91' lang='lat' dir='ltr'>si</span> <span class='ocrx_word' id='word_1_105' title='bbox 402 2537 445 2606; x_wconf 89' lang='lat' dir='ltr'>de</span> <span class='ocrx_word' id='word_1_106' title='bbox 471 2535 678 2605; x_wconf 89' lang='lat' dir='ltr'>familiarum</span> <span class='ocrx_word' id='word_1_107' title='bbox 703 2536 924 2626; x_wconf 85' lang='lat' dir='ltr'>gentiumque</span> <span class='ocrx_word' id='word_1_108' title='bbox 953 2537 1192 2607; x_wconf 87' lang='lat' dir='ltr'>constitutione</span> <span class='ocrx_word' id='word_1_109' title='bbox 1220 2544 1256 2607; x_wconf 88' lang='lat' dir='ltr'>et</span> 
     </span>
     <span class='ocr_line' id='line_1_17' title="bbox 177 2652 1255 2752; baseline 0.001 -22"><span class='ocrx_word' id='word_1_110' title='bbox 177 2661 355 2752; x_wconf 90' lang='lat' dir='ltr'>disciplina</span> <span class='ocrx_word' id='word_1_111' title='bbox 380 2652 526 2751; x_wconf 78' lang='lat' dir='ltr'>ephor‘os</span> <span class='ocrx_word' id='word_1_112' title='bbox 542 2660 737 2731; x_wconf 89' lang='lat' dir='ltr'>decreuisse</span> <span class='ocrx_word' id='word_1_113' title='bbox 758 2681 829 2729; x_wconf 92' lang='lat' dir='ltr'>non</span> <span class='ocrx_word' id='word_1_114' title='bbox 848 2662 949 2751; x_wconf 91' lang='lat' dir='ltr'>plane</span> <span class='ocrx_word' id='word_1_115' title='bbox 966 2664 1193 2752; x_wconf 86' lang='lat' dir='ltr'>cognoscitur,</span> <span class='ocrx_word' id='word_1_116' title='bbox 1221 2669 1255 2732; x_wconf 84' lang='lat' dir='ltr'>et</span> 
     </span>
     <span class='ocr_line' id='line_1_18' title="bbox 177 2786 1250 2877; baseline 0.002 -22"><span class='ocrx_word' id='word_1_117' title='bbox 177 2788 298 2857; x_wconf 89' lang='lat' dir='ltr'>saltem</span> <span class='ocrx_word' id='word_1_118' title='bbox 313 2787 354 2855; x_wconf 91' lang='lat' dir='ltr'>ab</span> <span class='ocrx_word' id='word_1_119' title='bbox 370 2787 433 2870; x_wconf 78' lang='lat' dir='ltr'>eiS,</span> <span class='ocrx_word' id='word_1_120' title='bbox 450 2806 511 2876; x_wconf 93' lang='lat' dir='ltr'>pro</span> <span class='ocrx_word' id='word_1_121' title='bbox 525 2788 675 2854; x_wconf 85' lang='lat' dir='ltr'>maxima</span> <span class='ocrx_word' id='word_1_122' title='bbox 697 2792 806 2875; x_wconf 88' lang='lat' dir='ltr'>parte,</span> <span class='ocrx_word' id='word_1_123' title='bbox 823 2806 842 2855; x_wconf 87' lang='lat' dir='ltr'>e</span> <span class='ocrx_word' id='word_1_124' title='bbox 858 2786 982 2875; x_wconf 88' lang='lat' dir='ltr'>quihus</span> <span class='ocrx_word' id='word_1_125' title='bbox 997 2793 1167 2857; x_wconf 87' lang='lat' dir='ltr'>constaret</span> <span class='ocrx_word' id='word_1_126' title='bbox 1187 2809 1250 2877; x_wconf 94' lang='lat' dir='ltr'>po-</span> 
     </span>
     <span class='ocr_line' id='line_1_19' title="bbox 176 2910 1253 3003; baseline 0.001 -23"><span class='ocrx_word' id='word_1_127' title='bbox 176 2912 279 3003; x_wconf 92' lang='lat' dir='ltr'>pulus</span> <span class='ocrx_word' id='word_1_128' title='bbox 295 2911 424 2979; x_wconf 91' lang='lat' dir='ltr'>ciuium</span> <span class='ocrx_word' id='word_1_129' title='bbox 441 2911 568 3000; x_wconf 87' lang='lat' dir='ltr'>optimo</span> <span class='ocrx_word' id='word_1_130' title='bbox 594 2912 666 2980; x_wconf 93' lang='lat' dir='ltr'>iure</span> <span class='ocrx_word' id='word_1_131' title='bbox 687 2910 914 3001; x_wconf 88' lang='lat' dir='ltr'>disceptatum</span> <span class='ocrx_word' id='word_1_132' title='bbox 933 2932 1008 2980; x_wconf 90' lang='lat' dir='ltr'>esse</span> <span class='ocrx_word' id='word_1_133' title='bbox 1027 2912 1145 3001; x_wconf 86' lang='lat' dir='ltr'>liquet.</span> <span class='ocrx_word' id='word_1_134' title='bbox 1169 2912 1253 2990; x_wconf 85' lang='lat' dir='ltr'>Quia</span> 
     </span>
     <span class='ocr_line' id='line_1_20' title="bbox 175 3036 1250 3127; baseline 0.004 -23"><span class='ocrx_word' id='word_1_135' title='bbox 175 3037 306 3106; x_wconf 88' lang='lat' dir='ltr'>iudices</span> <span class='ocrx_word' id='word_1_136' title='bbox 324 3037 373 3104; x_wconf 92' lang='lat' dir='ltr'>illi</span> <span class='ocrx_word' id='word_1_137' title='bbox 393 3042 501 3120; x_wconf 89' lang='lat' dir='ltr'>erant,</span> <span class='ocrx_word' id='word_1_138' title='bbox 526 3056 669 3105; x_wconf 88' lang='lat' dir='ltr'>censura</span> <span class='ocrx_word' id='word_1_139' title='bbox 688 3042 721 3106; x_wconf 90' lang='lat' dir='ltr'>et</span> <span class='ocrx_word' id='word_1_140' title='bbox 741 3044 822 3105; x_wconf 87' lang='lat' dir='ltr'>nota</span> <span class='ocrx_word' id='word_1_141' title='bbox 849 3037 978 3105; x_wconf 90' lang='lat' dir='ltr'>ciuium</span> <span class='ocrx_word' id='word_1_142' title='bbox 998 3036 1250 3127; x_wconf 90' lang='lat' dir='ltr'>discrimenque</span> 
     </span>
     <span class='ocr_line' id='line_1_21' title="bbox 176 3160 1252 3250; baseline 0.001 -22"><span class='ocrx_word' id='word_1_143' title='bbox 176 3162 264 3230; x_wconf 90' lang='lat' dir='ltr'>inter</span> <span class='ocrx_word' id='word_1_144' title='bbox 278 3182 338 3230; x_wconf 94' lang='lat' dir='ltr'>eos</span> <span class='ocrx_word' id='word_1_145' title='bbox 351 3160 546 3229; x_wconf 90' lang='lat' dir='ltr'>faciendum</span> <span class='ocrx_word' id='word_1_146' title='bbox 554 3181 596 3229; x_wconf 87' lang='lat' dir='ltr'>ex</span> <span class='ocrx_word' id='word_1_147' title='bbox 604 3181 724 3229; x_wconf 92' lang='lat' dir='ltr'>coram</span> <span class='ocrx_word' id='word_1_148' title='bbox 732 3160 868 3228; x_wconf 88' lang='lat' dir='ltr'>arbitrio</span> <span class='ocrx_word' id='word_1_149' title='bbox 877 3160 1058 3250; x_wconf 88' lang='lat' dir='ltr'>pendebat.</span> <span class='ocrx_word' id='word_1_150' title='bbox 1072 3162 1252 3232; x_wconf 87' lang='lat' dir='ltr'>Neminem</span> 
     </span>
     <span class='ocr_line' id='line_1_22' title="bbox 177 3285 1253 3374; baseline 0.005 -22"><span class='ocrx_word' id='word_1_151' title='bbox 177 3285 517 3374; x_wconf 83' lang='lat' dir='ltr'>fugitenimoensum</span> <span class='ocrx_word' id='word_1_152' title='bbox 533 3285 716 3373; x_wconf 87' lang='lat' dir='ltr'>quendam,</span> <span class='ocrx_word' id='word_1_153' title='bbox 735 3285 778 3353; x_wconf 85' lang='lat' dir='ltr'>ad</span> <span class='ocrx_word' id='word_1_154' title='bbox 794 3288 928 3374; x_wconf 83' lang='lat' dir='ltr'>syssitia</span> <span class='ocrx_word' id='word_1_155' title='bbox 945 3287 1079 3372; x_wconf 89' lang='lat' dir='ltr'>saltem,</span> <span class='ocrx_word' id='word_1_156' title='bbox 1097 3294 1253 3357; x_wconf 89' lang='lat' dir='ltr'>exactam</span> 
     </span>
     <span class='ocr_line' id='line_1_23' title="bbox 178 3405 1252 3501; baseline 0.001 -19"><span class='ocrx_word' id='word_1_157' title='bbox 178 3433 254 3482; x_wconf 88' lang='lat' dir='ltr'>esse</span> <span class='ocrx_word' id='word_1_158' title='bbox 269 3432 289 3479; x_wconf 90' lang='lat' dir='ltr'>a</span> <span class='ocrx_word' id='word_1_159' title='bbox 307 3412 478 3501; x_wconf 89' lang='lat' dir='ltr'>Spartanis</span> <span class='ocrx_word' id='word_1_160' title='bbox 489 3418 522 3480; x_wconf 90' lang='lat' dir='ltr'>et</span> <span class='ocrx_word' id='word_1_161' title='bbox 542 3413 613 3501; x_wconf 86' lang='lat' dir='ltr'>agri</span> <span class='ocrx_word' id='word_1_162' title='bbox 632 3412 763 3501; x_wconf 88' lang='lat' dir='ltr'>paterni</span> <span class='ocrx_word' id='word_1_163' title='bbox 782 3405 1049 3501; x_wconf 91' lang='lat' dir='ltr'>possessionem,</span> <span class='ocrx_word' id='word_1_164' title='bbox 1063 3415 1252 3483; x_wconf 90' lang='lat' dir='ltr'>necminus</span> 
     </span>
     <span class='ocr_line' id='line_1_24' title="bbox 177 3534 1251 3627; baseline 0.003 -23"><span class='ocrx_word' id='word_1_165' title='bbox 177 3536 294 3625; x_wconf 83' lang='lat' dir='ltr'>legum</span> <span class='ocrx_word' id='word_1_166' title='bbox 310 3534 565 3620; x_wconf 86' lang='lat' dir='ltr'>oboedientiam,</span> <span class='ocrx_word' id='word_1_167' title='bbox 587 3543 625 3603; x_wconf 90' lang='lat' dir='ltr'>ut</span> <span class='ocrx_word' id='word_1_168' title='bbox 642 3540 778 3603; x_wconf 76' lang='lat' dir='ltr'>ecclesia&gt;</span> <span class='ocrx_word' id='word_1_169' title='bbox 792 3535 954 3605; x_wconf 88' lang='lat' dir='ltr'>adesseet</span> <span class='ocrx_word' id='word_1_170' title='bbox 965 3535 1008 3604; x_wconf 90' lang='lat' dir='ltr'>ad</span> <span class='ocrx_word' id='word_1_171' title='bbox 1018 3536 1165 3607; x_wconf 91' lang='lat' dir='ltr'>honores</span> <span class='ocrx_word' id='word_1_172' title='bbox 1176 3559 1251 3627; x_wconf 95' lang='lat' dir='ltr'>pro·</span> 
     </span>
     <span class='ocr_line' id='line_1_25' title="bbox 175 3660 1251 3750; baseline 0.005 -23"><span class='ocrx_word' id='word_1_173' title='bbox 175 3660 309 3730; x_wconf 89' lang='lat' dir='ltr'>moueri</span> <span class='ocrx_word' id='word_1_174' title='bbox 324 3667 474 3750; x_wconf 89' lang='lat' dir='ltr'>possent.</span> <span class='ocrx_word' id='word_1_175' title='bbox 493 3660 590 3737; x_wconf 84' lang='lat' dir='ltr'>Quod</span> <span class='ocrx_word' id='word_1_176' title='bbox 604 3660 658 3729; x_wconf 91' lang='lat' dir='ltr'>ius</span> <span class='ocrx_word' id='word_1_177' title='bbox 674 3660 825 3728; x_wconf 86' lang='lat' dir='ltr'>adimere</span> <span class='ocrx_word' id='word_1_178' title='bbox 840 3666 897 3729; x_wconf 84' lang='lat' dir='ltr'>aut</span> <span class='ocrx_word' id='word_1_179' title='bbox 917 3681 1121 3731; x_wconf 90' lang='lat' dir='ltr'>conseruare</span> <span class='ocrx_word' id='word_1_180' title='bbox 1142 3663 1251 3734; x_wconf 86' lang='lat' dir='ltr'>cuivis</span> 
     </span>
     <span class='ocr_line' id='line_1_26' title="bbox 174 3785 1256 3883; baseline 0.003 -27"><span class='ocrx_word' id='word_1_181' title='bbox 174 3807 280 3883; x_wconf 87' lang='lat' dir='ltr'>penes</span> <span class='ocrx_word' id='word_1_182' title='bbox 296 3787 442 3876; x_wconf 91' lang='lat' dir='ltr'>ephoros</span> <span class='ocrx_word' id='word_1_183' title='bbox 452 3791 535 3855; x_wconf 88' lang='lat' dir='ltr'>erat.</span> <span class='ocrx_word' id='word_1_184' title='bbox 555 3787 712 3876; x_wconf 89' lang='lat' dir='ltr'>Namque</span> <span class='ocrx_word' id='word_1_185' title='bbox 725 3786 761 3852; x_wconf 94' lang='lat' dir='ltr'>in</span> <span class='ocrx_word' id='word_1_186' title='bbox 778 3805 899 3853; x_wconf 91' lang='lat' dir='ltr'>eorum</span> <span class='ocrx_word' id='word_1_187' title='bbox 909 3785 1043 3855; x_wconf 90' lang='lat' dir='ltr'>iudiciis</span> <span class='ocrx_word' id='word_1_188' title='bbox 1055 3807 1116 3877; x_wconf 90' lang='lat' dir='ltr'>per</span> <span class='ocrx_word' id='word_1_189' title='bbox 1130 3788 1256 3859; x_wconf 85' lang='lat' dir='ltr'>multos</span> 
     </span>
    </p>
   </div>
   <div class='ocr_carea' id='block_1_5' title="bbox 214 4040 1011 4228">
    <p class='ocr_par' dir='ltr' id='par_1_6' title="bbox 214 4040 1011 4228">
     <span class='ocr_line' id='line_1_27' title="bbox 215 4040 1011 4122; baseline 0.001 -19"><span class='ocrx_word' id='word_1_190' title='bbox 215 4046 225 4083; x_wconf 86' lang='lat'>¹</span> <span class='ocrx_word' id='word_1_191' title='bbox 248 4043 344 4117; x_wconf 80' lang='lat' dir='ltr'>Plat,</span> <span class='ocrx_word' id='word_1_192' title='bbox 365 4043 439 4122; x_wconf 79' lang='lat' dir='ltr'>hys,</span> <span class='ocrx_word' id='word_1_193' title='bbox 458 4044 489 4104; x_wconf 89' lang='lat' dir='ltr'>in</span> <span class='ocrx_word' id='word_1_194' title='bbox 505 4040 556 4103; x_wconf 87' lang='lat' dir='ltr'>da.</span> <span class='ocrx_word' id='word_1_195' title='bbox 573 4048 602 4105; x_wconf 85' lang='lat' dir='ltr'>et</span> <span class='ocrx_word' id='word_1_196' title='bbox 614 4040 747 4122; x_wconf 86' lang='lat' dir='ltr'>Apopht.</span> <span class='ocrx_word' id='word_1_197' title='bbox 768 4040 863 4104; x_wconf 87' lang='lat' dir='ltr'>lacon.</span> <span class='ocrx_word' id='word_1_198' title='bbox 880 4041 1011 4121; x_wconf 77' lang='lat' dir='ltr'>hysaud.</span> 
     </span>
     <span class='ocr_line' id='line_1_28' title="bbox 214 4148 693 4228; baseline 0 -17"><span class='ocrx_word' id='word_1_199' title='bbox 214 4152 227 4190; x_wconf 81' lang='lat'>²</span> <span class='ocrx_word' id='word_1_200' title='bbox 247 4152 329 4214; x_wconf 85' lang='lat' dir='ltr'>Plat.</span> <span class='ocrx_word' id='word_1_201' title='bbox 345 4153 486 4213; x_wconf 81' lang='lat' dir='ltr'>Amator.</span> <span class='ocrx_word' id='word_1_202' title='bbox 504 4152 646 4228; x_wconf 77' lang='lat' dir='ltr'>Narrat,</span> <span class='ocrx_word' id='word_1_203' title='bbox 663 4148 693 4211; x_wconf 88' lang='lat'>5.</span> 
     </span>
    </p>
   </div>
   <div class='ocr_carea' id='block_1_6' title="bbox 0 0 1592 5059">
    <p class='ocr_par' dir='ltr' id='par_1_7' title="bbox 0 0 1592 5059">
     <span class='ocr_line' id='line_1_29' title="bbox 0 0 1592 5059; baseline 0 0"><span class='ocrx_word' id='word_1_204' title='bbox 0 0 1592 5059; x_wconf 95' lang='lat' dir='ltr'> </span> 
     </span>
    </p>
   </div>
  </div>
 </body>
</html>
