3159 5059
610 528 767 591 ..27-

145 666 189 735 de
221 666 359 757 ephoris
394 671 494 738 toties
525 676 688 759 usurpata
721 675 755 737 et
786 670 1091 758 peruagatissimus
1112 688 1225 739 sermo

144 792 357 883 Theopompi
377 814 457 863 cum
476 815 584 865 uxore
604 815 666 864 sue
694 793 944 885 colloquentis⁴
966 802 1125 887 excerpta
1151 800 1231 867 sunt

148 937 168 985 e
183 916 413 1007 disputatione
428 920 472 989 de
486 920 600 989 causis
614 921 765 1010 corrupti
784 927 844 989 aut
857 920 983 989 seruch
1002 918 1093 1010 apud
1110 923 1230 1009 gentes

150 1042 261 1129 regni.
284 1044 334 1112 Ibi
362 1045 562 1115 Aristoteles
594 1046 743 1115 rationes
771 1044 883 1115 reddit
915 1066 977 1115 cur
1003 1050 1073 1115 tam
1104 1043 1234 1115 stabilis

151 1168 257 1238 fuerit
274 1171 368 1261 regia
387 1172 479 1262 apud
496 1174 678 1263 Spartanos
698 1178 862 1263 potestas.
885 1173 1088 1264 Exemplum
1114 1178 1149 1243 et
1171 1171 1235 1243 do·

154 1302 355 1365 cumentum
379 1318 399 1366 a
421 1299 624 1389 philosopho
648 1301 838 1370 etiamnum
868 1300 1018 1369 affertur.
1054 1300 1232 1382 Praeterea,

156 1420 249 1510 quod
267 1423 355 1491 inire
371 1424 529 1512 pluribus
543 1424 803 1517 disceptandum
821 1426 898 1508 erit,
929 1422 1053 1493 iubulae
1067 1421 1238 1491 adrerum

155 1546 471 1636 interpretationem
485 1550 571 1619 fiotae
585 1552 735 1641 speciem
749 1552 824 1619 haec
837 1548 986 1619 narratio
995 1546 1129 1638 praehet
1141 1552 1176 1617 et
1190 1544 1236 1615 ibi

158 1673 369 1756 Aristoteles,
388 1675 445 1743 uei
459 1682 536 1765 post
549 1675 634 1744 elios
647 1676 840 1765 scriptores,
854 1676 951 1765 quasi
965 1674 1147 1769 μυθολογικὸς
1161 1690 1238 1743 osse

156 1796 305 1867 videtur.
337 1799 446 1867 Etiam
471 1799 616 1869 verbum
637 1806 843 1896 μετριάσαντος
869 1800 937 1890 (τὴν
962 1796 1121 1889 Βασιλείαν)
1147 1794 1239 1867 houd

158 1922 637 1995 absimiieePletonicoverho
645 1932 785 2015 apparet
795 1925 993 1995 eteomdem
1001 1923 1239 2014 cogitationem

159 2047 297 2137 utrique
317 2048 473 2136 scriptori
492 2048 702 2117 succurrisse
721 2047 942 2117 demonstret.
965 2047 1004 2115 In
1022 2044 1087 2116 hoc
1100 2044 1241 2115 demum

162 2168 311 2237 disertus
330 2175 382 2238 est
400 2172 509 2258 magis
532 2191 636 2261 quem
655 2170 748 2239 Plato
768 2170 978 2255 Aristoteles,
999 2167 1090 2259 quod
1107 2174 1242 2248 peneto

163 2308 219 2367 τῶν
244 2296 353 2390 ἐφόρων
362 2294 493 2390 δύναμιν,
522 2297 582 2365 sed
608 2305 659 2375 τὴν
683 2304 780 2392 ἀρχὴν
811 2316 833 2365 a
857 2295 1074 2385 Theopompo
1101 2294 1241 2385 insuper

164 2424 315 2518 creatam
334 2438 411 2487 esse
426 2424 611 2503 asseuerot,
633 2421 662 2487 si
681 2417 784 2487 modo
803 2419 880 2487 uoci
902 2423 1240 2501 «trrmracrtcoerror»

163 2544 337 2633 «insuper
351 2544 516 2613 creandi»
539 2546 612 2613 uim
633 2541 846 2614 trihuimus²,

213 2671 333 2758 Neque
351 2674 467 2738 tamen
487 2671 631 2761 scriptor
654 2690 773 2739 secum
791 2671 865 2761 ipse
887 2671 988 2760 plone
1007 2689 1149 2740 concors
1168 2688 1244 2739 esso

164 2793 314 2877 videtur,
344 2814 424 2861 cum
454 2793 538 2884 (Pol.
574 2796 616 2880 ΙΙ,
644 2794 679 2878 6,
711 2789 831 2879 triti,
858 2793 983 2878 15-20,
1010 2794 1114 2864 Bekk.
1145 2789 1241 2887 mai.)

169 2920 367 3008 rpopulum
388 2920 511 2989 dixerit
530 2922 719 3011 quiescere,
737 2921 818 3010 quie
836 2926 928 2990 recte
948 2920 1099 3010 supremi
1117 2918 1245 3008 magis·

167 3051 276 3113 tretus
307 3046 476 3135 particeps
498 3047 557 3115 fiat
570 3072 603 3131 u,
632 3047 772 3116 adiectis
797 3046 852 3115 his
876 3044 1012 3117 verbis:
1043 3058 1098 3121 stre
1125 3048 1173 3117 διὰ
1200 3049 1248 3121 τὸν

168 3174 330 3265 νομοθέτην,
354 3184 409 3243 εἴτε
433 3174 481 3243 διὰ
504 3171 597 3265 τὺχην
622 3180 705 3245 τοῦτο
734 3174 940 3267 συμπέπτωκε.
968 3170 1048 3249 Ouae
1070 3168 1177 3240 uerba
1200 3175 1247 3243 τὸν

167 3300 319 3390 νομοθέτην
335 3314 406 3364 non
419 3315 499 3363 oum
520 3294 671 3364 Steinio³
691 3294 733 3364 od
757 3297 951 3385 Lycurgum
971 3292 1150 3366 referendo
1170 3314 1246 3365 esse

169 3420 313 3489 arbitror
326 3444 333 3505 ;
346 3440 428 3489 nem
441 3420 557 3489 multis
572 3420 789 3489 Potiticorum
799 3420 966 3489 librorum
977 3420 1062 3489 locis
1075 3424 1090 3491 ὁ
1102 3422 1248 3515 νομοθέτης

168 3552 302 3615 certum
321 3546 438 3635 legum
456 3544 666 3615 conditorem
682 3546 825 3615 minime
843 3544 1011 3635 designat,
1032 3550 1070 3614 ut
1091 3544 1126 3614 in
1144 3544 1248 3614 iuris-

211 3750 221 3785 ι
243 3750 352 3822 rtur,
369 3746 492 3823 Pol.,V
509 3747 665 3829 (V1111,9‚
687 3749 712 3823 ι,
732 3746 985 3811 tererentur.
1001 3748 1070 3811 mat.

210 3850 224 3888 ²
242 3854 370 3918 Videtur
387 3855 416 3915 in
433 3854 489 3917 hoc
503 3853 568 3917 loco
582 3853 761 3917 Aristoteles
775 3854 811 3916 ad
826 3854 1050 3935 Theopompum
1071 3869 1169 3933 regem
1192 3852 1251 3916 elia

170 3970 306 4044 spartana
325 3963 461 4023 institute
481 3960 627 4037 retulisse,
651 3980 720 4025 cum
743 3976 830 4027 veron
854 3966 939 4033 titur
962 3960 1050 4026 verbo
1072 3970 1252 4048 poputum

172 4068 370 4145 submonent,
388 4066 424 4130 de
438 4066 547 4147 quibus
561 4068 727 4147 ignoratur.

215 4182 226 4213 ³
247 4176 359 4251 Steio,
376 4176 432 4237 Die
447 4174 622 4237 Eutwichel.
639 4175 691 4238 des
707 4177 843 4259 Spartan.
860 4176 987 4259 Ephor,
1003 4195 1068 4259 pag.
1086 4176 1116 4240 t.
