3159 5059
820 436 977 503 ..58-

366 574 529 668 phontem
544 576 664 664 allatis⁷
683 585 784 667 atque
800 579 904 648 etiam
923 580 967 649 de
982 586 1107 649 rhetris
1125 578 1389 651 existimandum
1404 582 1456 653 sit

370 704 464 793 prius
477 703 606 772 dictum
619 709 672 773 est
691 700 725 791 '3
749 722 872 772 uersus
888 704 1029 793 quidem
1050 706 1172 793 Tyrtaei
1191 708 1454 777 commenticios

366 849 442 899 esse
464 848 534 897 non
554 827 723 895 immerito
738 828 931 916 suspicatus
946 834 998 897 est
1010 833 1050 896 Ε.
1073 834 1182 914 Meyer
1212 831 1297 921 ‚qui
1324 832 1451 921 quinto

365 948 638 1019 saeculonemini
651 955 767 1017 notam
785 948 892 1019 fuisse
907 948 1100 1040 delphicam
1118 952 1289 1041 lycurgeae
1314 956 1449 1023 consti-

363 1074 503 1143 tutionis
532 1073 698 1161 originem
722 1071 842 1155 credit,
868 1072 911 1141 de
940 1093 1008 1162 qua
1032 1080 1149 1144 tamen
1171 1077 1321 1165 loquitur
1349 1078 1446 1166 apud

363 1196 581 1265 Plutarchum
590 1196 751 1283 Tyrtaeus.
766 1192 845 1278 Sed,
857 1202 897 1263 ut
905 1195 970 1263 hoc
981 1197 1177 1267 omittamus
1184 1206 1441 1288 argumentum,

361 1325 475 1393 minus
493 1324 616 1391 mirum
632 1321 731 1411 nohis
751 1341 854 1411 quam
874 1323 1073 1411 Kopstadtio
1093 1323 1256 1394 uidetur³
1284 1333 1438 1417 poetam,

360 1472 440 1522 cum
458 1452 607 1519 breuiter
619 1455 652 1518 et
662 1448 771 1518 trihus
784 1448 923 1518 demum
939 1450 1097 1520 uersibus
1116 1454 1165 1521 rei
1181 1453 1324 1542 puhlicae
1337 1476 1442 1543 spar-

358 1587 446 1648 tanae
465 1577 550 1645 ratio
570 1574 792 1657 describatur,
806 1595 876 1641 non
887 1595 1175 1645 commemorasse
1190 1578 1347 1666 ephoros.
1361 1580 1443 1648 Tria

357 1704 449 1774 enim
469 1702 527 1770 iile
537 1720 677 1789 corpora
687 1697 812 1789 quihus
822 1698 909 1767 fulta
919 1705 991 1767 erat
1005 1700 1126 1769 ciuitas
1141 1707 1175 1769 et
1187 1703 1437 1787 uetustissima,
1575 1701 1576 1796 1

354 1827 533 1895 hominurn
552 1823 715 1891 memorie
734 1827 930 1891 consecrate
948 1824 1103 1891 nominat
1116 1847 1123 1891 :
1138 1844 1250 1913 reges,
1275 1832 1388 1914 patres
1401 1832 1439 1895 et
1575 1801 1576 1814 ἶ

354 1951 532 2041 populum.

401 2072 471 2145 Nec
489 2073 687 2162 ceteroquin
705 2072 861 2161 Lycurgo
880 2072 946 2161 ipsi
965 2071 1114 2142 tribuere
1135 2073 1343 2162 ephororum
1356 2096 1434 2145 mu-

351 2221 417 2269 nus
440 2200 559 2281 uelim,
582 2216 660 2265 cum
681 2196 809 2266 incerta
827 2203 977 2280 maneat,
1005 2199 1163 2287 quamuis
1187 2198 1435 2271 adoctissimis

351 2327 435 2395 uiris
454 2324 627 2414 inquisita,
652 2322 797 2410 Lycurgi
822 2328 914 2391 aetas.
933 2324 1063 2413 Nempe
1082 2322 1125 2391 oh
1145 2324 1181 2392 id
1202 2345 1311 2393 unum
1336 2328 1433 2416 quod

351 2451 501 2519 instituto
522 2450 570 2517 illi
589 2454 719 2517 certum
740 2447 902 2516 uolebant
919 2453 1057 2536 tempus
1077 2449 1258 2535 ascribere,
1282 2452 1432 2542 1111111-

349 2596 505 2663 curgum,
533 2572 589 2640 alii
615 2572 875 2661 Theopompum
894 2592 1013 2661 regem
1037 2574 1220 2662 ephoratus
1253 2582 1431 2646 auctorem

347 2699 637 2769 existimauerunt.
655 2693 751 2773 Quod
765 2701 857 2761 certe
869 2700 1000 2763 temere
1016 2699 1219 2784 temptatum
1233 2718 1308 2768 esse
1327 2718 1430 2767 com-

346 2843 509 2914 perimus.

394 2950 466 3018 Hoc
497 2948 631 3015 tantum
657 2950 768 3014 ratum
796 2965 873 3014 esse
906 2945 1113 3016 confidimns
1137 2947 1229 3038 quod
1262 2949 1299 3016 in
1326 2950 1429 3020 Creta

345 3072 504 3144 euenisse
532 3067 682 3138 dilucide
704 3069 863 3158 exposuit
883 3069 1082 3139 Aristoteles
1102 3069 1127 3137 ⁴.
1162 3071 1297 3141 Similes
1327 3075 1427 3142 enim

345 3194 556 3266 cretensibus
579 3193 704 3261 cosmis
736 3192 884 3281 ephoros
912 3213 988 3262 esse
1020 3192 1201 3289 declarat,¹
1216 3201 1250 3265 et
1286 3216 1426 3267 cosmos

345 3321 481 3410 regibus
495 3318 712 3402 successisse,
731 3322 905 3385 senatores
916 3324 1031 3387 autem
1050 3319 1189 3388 eosdem
1209 3340 1247 3389 se
1266 3322 1302 3388 in
1321 3322 1424 3392 Creta

344 3452 377 3515 et
396 3448 521 3535 Spartae
536 3462 667 3531 gerere.
691 3440 771 3519 Quae
785 3441 912 3530 pariter
926 3439 1080 3526 Athenis,
1097 3444 1211 3512 Romae
1229 3450 1264 3513 et
1284 3445 1321 3512 in
1344 3446 1426 3517 aliis

383 3664 391 3697 ¹
416 3656 463 3717 Gi.
482 3673 562 3734 sup,
581 3670 646 3733 pag.
664 3652 714 3715 35.

380 3765 393 3803 ²
413 3766 468 3825 iid.
486 3764 594 3842 Meyer,
611 3760 720 3823 Rhein.
737 3760 921 3835 Mus.,>tom.
939 3759 1025 3833 XLI,
1041 3776 1109 3839 pag.
1127 3759 1197 3822 572.

379 3870 567 3949 ³K0pstoett,
591 3868 637 3928 De
659 3883 718 3929 rer.
741 3866 837 3930 lacon.
858 3868 976 3929 constit.
999 3867 1128 3948 Lycurg.
1151 3867 1227 3947 orig.
1254 3874 1284 3931 et
1304 3866 1420 3947 indole,

341 3978 519 4158 mffihh.
537 4082 617 4157 111,
633 4082 675 4156 11,
692 4082 721 4157 1,
740 4038 803 4145 3-1.
824 4081 921 4156 rare,
939 4081 1002 4169 4-1,
1020 4083 1114 4146 aeui.
1131 4085 1198 4145 mar.
