3159 5059
811 412 969 474 ..18-

401 549 568 619 Praeterea
598 550 790 619 Herodotus
809 551 933 641 triplici
959 551 1130 620 diuisione
1152 552 1363 640 Lycurgeam
1386 556 1434 623 rei

359 674 504 765 publicae
527 674 673 743 formam
697 674 885 744 describit:
914 677 1007 765 leges
1028 677 1147 745 ciuiles
1179 671 1229 769 (τὰ
1256 673 1374 772 rippa)
1402 686 1436 747 et

356 798 542 867 adhibitam
573 798 615 866 ab
647 819 688 867 eo
717 819 834 867 curam
857 805 895 868 ut
918 799 1057 869 easdem
1085 801 1277 889 transgredi
1306 802 1434 869 nemini

350 910 489 1009 liceret}
509 945 584 1013 quae
605 923 648 992 ad
666 924 797 992 bellum
815 925 1022 1014 pertinerent
1040 924 1089 1014 (rai
1107 931 1135 1006 ἐς
1152 928 1277 1021 πόλεμον
1301 924 1431 1019 ἔχοντα),

351 1048 410 1117 ubi
437 1049 574 1138 syssitia
601 1054 843 1136 numerantur;
865 1056 1038 1140 postremo
1059 1072 1135 1139 quae
1158 1051 1201 1120 ad
1227 1072 1300 1121 rem
1319 1050 1434 1140 publi-

354 1193 430 1242 cam
456 1173 642 1262 gerendam
672 1179 873 1264 spectarent.
905 1174 1024 1264 Ibique
1049 1176 1195 1263 ephoros
1222 1183 1256 1245 et
1276 1184 1389 1265 patres
1415 1196 1435 1242 a

350 1301 504 1389 Lycurgo
524 1301 696 1369 institutos
716 1321 793 1370 esse
813 1301 983 1369 declarat:
1006 1308 1077 1395 πρὸς
1091 1302 1214 1375 fodrum
1233 1307 1301 1383 τοὺς
1319 1305 1435 1398 ἐφόρους

350 1434 402 1497 καί
414 1430 547 1521 γέροντας
564 1436 664 1505 ἔστησε
676 1436 857 1522 Λυκοῦργος.

399 1552 569 1621 Herodoto
607 1554 709 1641 igitur
728 1554 757 1621 si
777 1553 962 1637 credimuS,
999 1554 1184 1642 ephoratus
1212 1555 1367 1623 inuentio
1394 1556 1436 1625 ad

350 1682 464 1770 ipsum
476 1681 668 1769 Lycurgum
683 1680 932 1750 referendaest.
943 1682 1052 1749 Huius
1066 1682 1158 1750 enim
1172 1683 1238 1750 uiri
1254 1703 1436 1771 personam

351 1827 426 1896 quae
440 1805 565 1874 fabulis
581 1806 785 1895 quibusdam
801 1808 990 1875 inuoluitur
1004 1807 1086 1875 licet
1107 1808 1305 1876 omittamus
1318 1834 1326 1894 3
1338 1810 1435 1897 parui

351 1934 443 2001 enim
464 1932 628 2000 momenti
654 1931 738 2000 illud
764 1938 816 1999 est
840 1931 882 1999 ad
910 1932 1127 2021 propositum
1158 1940 1326 2001 nostrum.
1364 1936 1436 2004 Hoc

349 2062 464 2126 tamen
476 2062 581 2125 restat
595 2062 632 2125 ut
642 2058 825 2146 ephoratus
840 2058 928 2125 inter
943 2076 984 2125 ea
996 2057 1150 2125 instituta
1164 2079 1243 2147 quae
1258 2058 1434 2146 Lycurgeo

348 2186 487 2253 nomine
502 2183 592 2273 apud
614 2182 905 2265 Lacedaemonios,
928 2204 1007 2251 cum
1035 2183 1198 2253 scriberet
1225 2183 1431 2269 Herodotus

349 2309 563 2392 notabantur,
582 2309 861 2377 adnumerandus
877 2309 935 2377 sit.

398 2434 494 2513 Quod
509 2436 537 2502 si
562 2437 698 2525 qualem
717 2436 886 2505 rationem
910 2436 1067 2503 muneris
1093 2441 1170 2504 ante
1190 2436 1282 2504 bella
1306 2436 1439 2504 Persica

349 2561 486 2651 ephoris
506 2560 666 2650 assignati
679 2562 873 2631 Herodotus
892 2563 1007 2630 animo
1020 2562 1220 2650 conceperit
1237 2562 1436 2650 quaerimus

345 2682 408 2758 ‘eos
418 2688 585 2776 imprimis
599 2688 633 2755 in
652 2688 705 2756 his
720 2690 866 2776 negotiis
881 2689 1071 2778 implicatos
1089 2688 1196 2757 fuisse
1212 2688 1437 2758 animaduer-

348 2814 492 2885 tendum
501 2820 565 2898 est,
578 2836 652 2904 quae
661 2835 780 2903 regum
791 2813 938 2882 familias
953 2820 987 2883 et
1000 2813 1211 2883 hereditaria
1225 2814 1300 2882 iura
1309 2816 1438 2883 contin·

348 2947 477 3032 gerent.
498 2941 589 3010 Inter
599 2942 765 3010 nonnulla
780 2944 858 3027 alia,
872 2940 1122 3009 Anaxaudridae
1133 2940 1226 3029 regis
1242 2942 1440 3030 exemplum

349 3069 572 3157 conspicuum
599 3076 662 3137 est.
691 3070 778 3137 Nam
808 3090 848 3138 eo
868 3074 1021 3158 tempore
1050 3087 1118 3157 quo
1146 3067 1306 3156 Spartam
1341 3068 1440 3137 venit

349 3198 561 3286 Aristagoras
574 3196 869 3286 Milesius‚ephori
885 3216 1005 3283 regem
1019 3193 1300 3263 Anaxandridam
1321 3194 1437 3263 iusse-
1469 3206 1472 3211 ’
1571 3250 1572 3265 ,

349 3326 432 3388 runt
467 3320 609 3388 alteram
637 3339 780 3388 uxorem
807 3319 942 3401 ducere,
981 3317 1074 3407 quod
1110 3318 1226 3385 nullos
1259 3338 1301 3385 ex
1326 3316 1440 3405 priore

349 3445 477 3514 liberos
508 3446 725 3535 suscepisset.
766 3446 807 3512 Se
836 3450 910 3512 tum
938 3446 970 3513 ei
1000 3444 1147 3513 consilio
1177 3444 1332 3512 astrictos
1365 3462 1441 3511 esse

352 3570 532 3654 affirmant,
544 3591 587 3639 ne
596 3571 930 3659 Eurysthenidarum
939 3590 1049 3659 genus
1060 3568 1442 3657 exstinguereturdum

352 3713 434 3765 vero
471 3693 635 3762 abnueret
658 3692 929 3779 AnaxandridaS‚
967 3714 1036 3761 una
1065 3713 1145 3761 cum
1177 3692 1330 3782 patribus
1346 3690 1440 3786 deli-

352 3823 562 3891 berauerunt
582 3822 719 3911 ephori;
741 3823 932 3891 contumaci
956 3822 1028 3909 regi
1047 3820 1265 3903 minabantur
1287 3818 1441 3887 seuerius

356 3949 657 4019 animaduersuros
680 3970 755 4021 esse
777 3950 813 4017 in
850 3968 929 4017 eum
951 3949 1132 4037 Spartanos
1149 3945 1174 4015 ⁴.
1206 3947 1301 4015 Dicto
1330 3944 1441 4033 paruit

396 4096 403 4133 ⁴
428 4099 553 4173 Herod,
569 4100 610 4173 V,
627 4098 673 4160 to.
