3159 5059
788 422 948 484 -30..

330 563 464 650 scriptis
484 563 656 650 octoginta
688 561 834 647 ciuibus,
869 561 913 629 ad
943 583 1053 632 nouas
1080 584 1136 631 res
1163 565 1352 633 moliendas
1370 586 1406 635 se

329 690 485 757 coactum
504 706 579 756 esse
591 688 801 756 'necessitate
822 686 1055 759 demonstrare
1074 690 1111 756 in
1132 690 1246 762 animo
1274 690 1402 759 hahuit.

328 814 515 881 Consilium
528 812 631 901 igitur
641 818 676 881 et
689 812 822 881 facinus
832 820 869 881 ut
884 820 1033 897 excuset,
1049 815 1083 882 in
1093 816 1250 884 contione
1261 816 1407 906 ephoros

329 937 453 1005 initioa
467 935 604 1024 regibus
621 956 663 1005 ex
677 936 796 1005 amicis
812 937 930 1022 lectos,
944 938 1030 1006 nihil
1041 938 1133 1006 aliud
1146 940 1296 1028 primum
1306 945 1407 1028 atque

330 1081 449 1130 eorum
467 1060 641 1129 ministros
655 1065 689 1129 et
706 1060 855 1129 uicarios
874 1061 979 1131 fuisse
1003 1061 1161 1131 declarat.
1184 1062 1247 1140 Qui
1276 1063 1317 1131 ab
1344 1064 1405 1131 hu·

226 1199 227 1203 ’
330 1186 403 1254 mili
415 1192 491 1255 ortu
506 1184 669 1273 paulatim
683 1184 719 1253 ui
739 1191 772 1253 et
795 1184 874 1254 dolo
894 1186 938 1253 ad
956 1186 1159 1254 insolentem
1180 1187 1268 1254 hanc
1286 1191 1407 1275 poten·

331 1312 414 1379 tiam
431 1330 468 1379 se
487 1310 673 1379 euexerint.

383 1436 443 1504 His
462 1435 577 1505 uerhis
599 1436 868 1505 additamentum
896 1434 940 1503 ad
970 1436 1157 1504 secundam
1174 1436 1267 1503 illam
1295 1456 1410 1504 narra·

333 1562 474 1643 tionem,
493 1579 596 1649 quarn
613 1560 707 1628 Plato
732 1560 903 1649 ceterique
930 1558 1077 1641 tradunt,
1107 1557 1261 1627 adicitur.
1285 1558 1410 1648 Ephori

332 1686 423 1755 enim
437 1705 508 1753 non
525 1689 657 1752 tanturn
677 1705 697 1752 a
714 1683 931 1773 Theopompo
952 1686 1068 1761 creati,
1091 1684 1151 1753 sed
1170 1691 1204 1753 et
1218 1684 1409 1751 absentium

332 1828 453 1897 regum
471 1808 589 1876 uicarii
609 1816 642 1877 et
664 1828 684 1876 e
703 1806 798 1895 regio
818 1808 978 1876 comitatu
999 1805 1128 1875 adsciti
1149 1807 1227 1876 inde
1255 1828 1330 1876 esse
1357 1826 1408 1875 os-

332 1930 529 1999 tenduntur.
576 1938 581 1947 ’

382 2055 488 2132 Quam
516 2054 719 2123 sententiam
745 2052 850 2141 priori
879 2051 1086 2134 anteferens,
1112 2053 1166 2119 uir
1194 2051 1411 2121 doctissimus

332 2180 369 2248 G.
388 2181 530 2248 Dumius
546 2180 617 2248 veri
628 2179 827 2247 similiorem
835 2197 910 2245 esse
919 2184 1060 2245 conatus
1070 2183 1121 2247 est
1132 2178 1366 2247 demonstrare
1380 2176 1405 2244 ¹.

382 2305 462 2373 Haec
476 2309 590 2371 tamen
609 2324 669 2371 cur
687 2301 881 2369 indubium
899 2308 1043 2369 uocetur
1057 2322 1171 2385 nemo,
1195 2322 1260 2371 nec
1273 2322 1411 2391 praser-

334 2434 395 2500 tim
409 2432 447 2499 G.
470 2430 612 2498 Dumius
631 2429 704 2517 ipse
723 2428 868 2516 ignorat,
893 2426 952 2515 qui
971 2446 1162 2514 perperam,
1190 2426 1314 2495 iudicio
1335 2428 1412 2515 qui-

334 2558 413 2627 dem
431 2561 560 2639 nostru,
574 2554 746 2642 eleganter
760 2553 823 2624 aC.
838 2552 969 2619 llrichio
984 2552 1157 2635 conclusa,
1169 2559 1286 2640 utpote
1301 2552 1409 2636 irrita,

334 2684 508 2755 confutare
526 2677 670 2764 noluit2,
694 2678 907 2769 quoniamah
923 2679 1105 2763 comitiae,
1124 2680 1255 2747 collatis
1274 2678 1412 2747 Eusehii

336 2809 528 2897 Sosihiique
550 2805 751 2889 rationibus
779 2824 850 2872 non
870 2805 970 2893 plane
993 2824 1072 2871 oum
1102 2808 1255 2894 tempore
1280 2803 1366 2891 legis
1394 2822 1414 2870 a

334 2936 551 3024 Theopompo
565 2934 641 3001 latae
660 2950 847 3029 congruere
862 2930 1044 3018 ephoratus
1062 2930 1295 3000 inventionem
1313 2929 1413 2997 euin-

336 3061 423 3129 uitur
435 3056 458 3125 ³.
483 3059 691 3145 Argumento
711 3055 804 3123 enim
822 3054 921 3121 firmo
942 3059 1033 3122 earet
1058 3054 1116 3142 qui
1147 3053 1191 3121 ad
1208 3043 1339 3121 eertum
1357 3073 1414 3121 re-

336 3204 416 3273 gern
431 3182 622 3251 institutum
637 3178 809 3269 quoddam
823 3178 974 3247 referens
992 3198 1073 3246 cum
1089 3183 1283 3267 temporum
1295 3177 1415 3246 ordine

334 3314 474 3399 pugnat.

388 3433 453 3503 Sed
471 3432 534 3501 has
557 3431 705 3499 rationes
729 3429 809 3497 lieet
834 3429 930 3497 fictas
948 3449 1023 3499 esse
1046 3430 1273 3501 concedamus
1291 3437 1326 3499 et
1342 3435 1413 3498 turn
1506 3513 1523 3537 κ

276 3564 279 3573 “
337 3560 489 3650 primum
507 3557 647 3625 nomina
659 3555 867 3644 ephororum
884 3554 920 3621 in
935 3554 1011 3624 albo
1026 3555 1187 3646 inscripta
1199 3556 1319 3642 fuisse,
1336 3578 1414 3627 cunr

380 3758 388 3793 ¹
412 3748 443 3808 G.
455 3748 546 3818 Dum,
561 3743 693 3805 Entsteh.
703 3742 762 3805 uod
779 3742 996 3805 Entwichldes
1010 3744 1146 3825 Spartan.
1159 3744 1284 3826 llphor.,
1298 3764 1363 3827 pag.
1375 3746 1413 3808 39

339 3874 402 3935 sqq.

382 3962 473 4034 Ἦ,
493 3958 576 4032 thid„
593 3976 669 4037 pag,
689 3957 738 4019 lt.

380 4070 392 4107 ³
416 4068 518 4139 Friclc,
536 4067 581 4127 De
597 4066 732 4143 Spartan.
751 4065 877 4144 ephon,
894 4084 960 4145 pag.
981 4065 1016 4127 10
1030 4083 1094 4147 sqq.
