3159 5059
616 468 776 532 ..53-

137 619 223 704 tius',
245 640 310 689 nec
324 621 508 711 quisquam
523 622 612 691 alius
632 630 725 693 certe
745 623 921 692 diudioare
940 623 1058 713 possit.
1080 625 1169 692 Nam
1183 624 1225 693 de

139 764 266 833 regum
284 752 524 833 spartanorum
542 746 673 835 origine
689 746 894 816 documenta
918 745 1043 816 desunt
1070 748 1223 833 omnino,

139 873 176 936 et
205 867 299 957 quod
325 868 409 937 dicit
436 870 528 958 apud
548 869 761 939 Herodotum
789 871 989 939 Cleomenes
1008 872 1035 953 l,
1057 870 1226 960 Agiadum

141 1000 400 1081 generemus,
417 1016 454 1063 se
479 997 643 1065 thaeurn
671 1018 760 1081 esse,
782 995 826 1065 de
843 995 1013 1084 Agiadum
1035 997 1131 1087 prole
1150 1003 1227 1065 tan-

140 1124 218 1185 tum
237 1120 382 1204 ualeret,
396 1120 530 1189 etiamsi
546 1121 661 1190 solum
672 1120 757 1189 illud
771 1121 1005 1189 testimonium
1018 1142 1089 1190 non
1102 1141 1122 1190 e
1136 1121 1227 1211 prin·

143 1241 231 1331 cipis
245 1242 391 1311 utilitate
410 1243 604 1333 profectum
623 1264 700 1312 esse
723 1241 928 1313 constaret'.
951 1243 1046 1314 Adeo
1067 1244 1229 1313 deficiunt

142 1365 186 1434 ad
206 1366 445 1457 explicandam
456 1375 696 1459 spartanorum
707 1390 829 1458 regum
838 1368 1005 1457 originem
1023 1368 1229 1439 documenta

140 1500 181 1560 ut
204 1500 317 1562 astuta
340 1494 455 1563 indole
483 1501 518 1563 et
546 1494 675 1565 dolosis
705 1495 859 1565 consiliis
892 1494 1080 1581 Agidarum
1107 1515 1227 1564 eorum

143 1620 296 1688 aehaeam
316 1620 459 1711 stirpem
479 1622 622 1690 iudicari
642 1623 676 1689 C.
700 1620 982 1691 Waohsmuthius
1001 1618 1224 1690 arbitretur²t

192 1747 269 1814 Alia
283 1748 415 1816 ratione
434 1749 503 1815 iam
523 1749 654 1816 Kanius
677 1752 848 1816 remonte
868 1745 1025 1815 laudatos
1047 1746 1230 1837 scriptores

143 1894 329 1963 aggressus
357 1871 463 1942 erat3.
499 1875 644 1964 Nempe,
677 1877 775 1942 aucta
808 1873 1016 1963 ephororum
1048 1877 1226 1961 potestate,

140 1980 1230 2089 compensataeaputatluissequaepopularibusiurihusdempta

142 2130 241 2192 orant
253 2122 484 2191 additamento
494 2123 553 2190 illo
564 2123 750 2211 Lycurgeae
759 2126 894 2188 rltetra:
912 2122 1129 2193 αἰδὲσκολίανὸ
1141 2123 1230 2217 δᾶμος

88 2320 93 2329 ,
144 2253 257 2337 ἕλοιτο,
283 2254 348 2330 τοὺς
377 2252 585 2345 πρεσὲυγενέας
611 2255 660 2319 καὶ
687 2251 858 2343 ἀρχαγέτας
885 2254 1088 2343 ἀποστατῆρας
1117 2245 1226 2343 alpad.

141 2375 241 2452 Quod
265 2374 435 2463 Polydoro
459 2380 493 2444 et
518 2374 741 2464 Theopompo
760 2369 959 2440 tribuitu1·⁵.
983 2374 1044 2457 lta,
1067 2372 1225 2460 fatemur,

142 2500 305 2588 explicari
318 2519 421 2589 posse
436 2519 615 2568 sermones
631 2496 781 2566 Platonis
796 2497 1056 2588 aristotelisque
1076 2504 1111 2567 ot
1122 2499 1229 2567 uerha

140 2630 245 2720 paloor
262 2631 296 2695 et
313 2618 554 2721 perpinianum&
586 2624 674 2691 Nam
694 2642 817 2692 reuera
844 2622 1070 2711 ponderatum
1089 2624 1153 2693 hac
1171 2645 1228 2693 ra-

139 2754 234 2821 tione
267 2752 356 2819 inte'r
384 2770 505 2839 regum
530 2756 798 2836 senatorumque
826 2746 1015 2834 potentiam
1044 2754 1077 2815 et
1111 2748 1228 2836 populi

140 2877 442 2967 intemperantiam
461 2876 616 2964 regimen
631 2874 813 2942 inuentum
828 2892 848 2940 a
869 2871 1101 2962 Theopompo,
1114 2872 1228 2962 philo-

184 3143 193 3176 ¹
217 3138 340 3209 Herod„
364 3137 405 3209 V,
428 3134 478 3197 72.

182 3244 195 3280 ²
220 3248 251 3308 C.
273 3246 480 3317 Waoltsmoth,
498 3241 608 3303 Philol.
626 3241 766 3319 Anaeig,
785 3237 873 3314 lat-2,
896 3258 962 3319 pag.
976 3239 1025 3303 45.

182 3354 194 3391 ³
216 3356 297 3427 Koa,
313 3354 462 3432 Disputat.
479 3350 624 3429 antiquar.
641 3347 677 3409 de
697 3345 813 3427 Ephor.
832 3347 982 3427 Spartan,
999 3365 1065 3428 pag.
1076 3347 1183 3414 26-29.

183 3458 194 3495 ⁴
218 3459 314 3531 Plut,
339 3458 483 3535 Lycurg.‚
501 3453 530 3528 6,
550 3454 580 3515 7.

183 3569 195 3603 ⁸
219 3565 358 3626 Ceterum
374 3561 414 3623 ibi
430 3563 594 3641 proximam
611 3577 675 3622 esse
693 3577 776 3621 suam
797 3561 970 3623 seutentiam
985 3562 1101 3624 Kanius
1116 3563 1185 3626 dicit
1200 3567 1227 3627 ei

139 3696 228 3760 quam
245 3674 399 3737 hruoldus
415 3673 450 3735 ud
464 3672 643 3753 Thucydid,
656 3674 684 3749 1,
702 3690 768 3753 pag.
784 3672 856 3747 646,
874 3681 902 3734 et
917 3674 1117 3751 Hermanuus,
1136 3676 1225 3738 Anti·

138 3786 241 3865 quitat.
259 3780 397 3854 loconis,
416 3798 482 3859 pag.
499 3779 549 3855 67,
568 3779 771 3859 prodiderunt.

180 3888 229 3950 Ol.
247 3888 402 3966 Kopstottt,
427 3887 473 3947 De
488 3903 588 3947 rerum
604 3885 728 3948 laconio.
752 3886 954 3948 constitution.
974 3886 1101 3967 Lyeurg.
1117 3890 1220 3969 origin.

139 4005 170 4058 et
184 3992 297 4069 indole,
321 4010 386 4072 pag.
405 3991 476 4054 126.

180 4106 192 4141 ⁰
216 4101 264 4163 Ol.
283 4118 363 4181 sup,
389 4117 454 4178 pag.
472 4098 510 4161 26
526 4117 589 4179 sqq.
