3159 5059
632 508 791 570 -19-

171 646 440 731 Anaxandridas‚
457 669 654 739 nouamque
669 650 765 717 duxit
775 670 928 718 uxorem.
942 648 1008 718 Sed
1020 669 1099 716 cum
1108 646 1249 736 grauida

167 772 261 859 prior
275 778 365 841 esset
387 780 533 861 reperta,
552 772 683 863 ephori,
701 774 857 843 fraudem
871 776 1095 864 suspicantes
1112 777 1246 861 partum

167 897 331 985 speculati
352 904 431 966 sunt
450 896 474 965 ⁴.

215 1025 360 1094 Easdem
380 1028 438 1095 uel
459 1028 590 1096 similes
606 1033 830 1119 susceperunt
844 1033 968 1117 partes,
987 1047 1065 1095 cum
1078 1031 1247 1098 natusest

167 1149 334 1219 Aristonis
354 1152 446 1239 regis
467 1153 558 1220 filius
578 1154 636 1242 qui
658 1152 970 1243 Eurypontidarum
999 1172 1125 1241 genere
1153 1156 1246 1220 ortus

166 1280 249 1358 erat,
273 1277 416 1365 aequalis
442 1278 513 1345 fere
539 1279 710 1347 Cleomeni
736 1280 761 1361 1,
785 1278 1032 1347 Anaxandridae
1047 1278 1129 1347 filio.
1159 1276 1246 1343 Huic

164 1420 272 1488 puero
292 1420 419 1469 nomen
433 1401 495 1471 fuit
515 1405 728 1487 Demaratus
747 1403 782 1471 id
802 1409 853 1473 est
872 1404 1032 1494 apopulc
1052 1408 1242 1490 exoptatus²

166 1544 270 1612 quem
297 1527 452 1616 eSparta
475 1535 593 1617 postea
622 1530 770 1598 eiectum
800 1551 820 1597 a
843 1530 1023 1597 Cleomene
1050 1548 1114 1595 nos
1147 1526 1246 1594 docet

165 1652 359 1722 Herodotus
383 1655 419 1721 in
448 1656 556 1743 patria
580 1656 718 1725 tandem
742 1675 888 1743 regnum
915 1650 1136 1722 obtinuisset
1160 1653 1245 1720 Cum

166 1779 284 1847 ambas
297 1780 472 1869 ihiregum
483 1781 627 1851 familias
642 1784 729 1851 inter
742 1803 777 1851 se
789 1786 981 1871 pugnantes
995 1779 1243 1847 inducatHero-

165 1904 453 1987 torlus‚nonnulla
472 1912 551 1973 sunt
570 1907 743 1973 notatione
764 1904 868 1992 digna
891 1925 967 1992 quse
982 1910 1081 1971 uetus
1096 1902 1244 1991 ephoro-

162 2050 240 2096 rum
256 2048 381 2095 munus
391 2029 585 2117 depingant.
605 2030 695 2096 onr
707 2029 874 2096 Aristonis
889 2026 1192 2116 pulchritudinem,
1205 2030 1243 2090 ut

163 2154 236 2222 dere
251 2153 392 2238 donum,
411 2156 539 2243 accepit
557 2156 592 2221 in
612 2156 750 2223 Helenae
769 2154 897 2242 templo
923 2151 1015 2241 quod
1037 2152 1244 2241 ephororum

164 2280 302 2370 propria
320 2280 483 2367 religione
506 2287 678 2348 sacratum
702 2286 775 2348 erat
795 2277 820 2345 ³.
848 2278 988 2366 Collegii
1012 2276 1245 2345 testimonium

163 2406 338 2474 inuocauit
358 2406 594 2493 Leotychides,
625 2406 818 2474 Cleomenis
849 2405 992 2488 amicus,
1012 2403 1070 2492 qui
1089 2401 1245 2490 spurium

163 2551 240 2599 esse
268 2531 487 2598 Demaratum
515 2529 750 2598 contendebat.
787 2531 836 2597 De
863 2530 929 2596 hoc
956 2526 1139 2595 certamine
1171 2545 1241 2592 non

164 2656 296 2743 ephori,
329 2656 389 2723 sed
417 2656 542 2743 gentile
571 2656 759 2737 oraculum,
791 2654 924 2742 Pythia,
957 2650 1123 2720 iudicium
1151 2650 1240 2731 tulit,

204 2906 212 2937 ¹
235 2904 295 2976 itt,
311 2899 396 2974 ibid.,
413 2902 461 2962 41.
486 2900 726 2961 Anaxandridam
752 2916 830 2959 anno
855 2900 969 2959 circiter
983 2896 1045 2958 560
1059 2896 1176 2957 a.n.C.
1194 2913 1242 2956 re·

163 3026 268 3087 grasse
282 3007 461 3087 perhibetur.
479 3008 519 3069 V.
534 3005 824 3084 Bocche-Leclercq,
838 3005 922 3065 Atlas
939 3021 1011 3082 pour
1023 3004 1116 3065 servir
1126 3006 1143 3063 t
1153 3001 1239 3062 l'his·

163 3118 237 3177 loire
254 3132 380 3194 grecqoe
395 3115 431 3176 de
451 3114 489 3175 Ε.
510 3116 644 3188 Certim,
661 3132 726 3192 pag.
747 3112 796 3173 ta.
906 3146 909 3149 ·

205 3223 217 3260 2
238 3220 363 3295 Herem,
381 3220 436 3292 VI,
455 3218 560 3282 51-66.

208 3327 372 3399 11111111..
398 3326 462 3399 VI,
487 3325 540 3385 61.
571 3324 620 3387 Cl.
640 3324 835 3392 Schalerum,
859 3326 905 3386 De
930 3324 1044 3403 Ephor.
1063 3325 1242 3400 lacedem,

168 3450 234 3512 pag.
260 3432 365 3506 17-19,
383 3431 444 3505 uhi,
468 3441 531 3510 post
549 3429 712 3492 Prellerum
729 3439 757 3491 ct
773 3430 847 3491 llrn.
865 3431 1000 3492 Curtium
1016 3432 1105 3493 euicit
1120 3434 1245 3513 scriptor

167 3540 292 3602 Heleoae
308 3548 335 3602 et
353 3538 514 3618 Pasiphaes
530 3538 625 3599 cultus
640 3538 756 3599 lunares
771 3538 862 3599 luisse
877 3538 1044 3618 relligiones
1059 3547 1087 3600 et
1101 3540 1136 3601 arl
1151 3540 1243 3620 epho-

170 3655 264 3707 ratum
277 3646 470 3726 pertinentes.
491 3646 587 3705 ‹rHaec
606 3644 788 3726 lephororum
801 3645 946 3725 uaticinia)
959 3645 1149 3723 praebuerunt
1163 3649 1243 3709 incu-

170 3751 301 3814 bationrs
322 3754 354 3813 in
376 3752 483 3831 templo
500 3752 671 3831 Pasiphaes
698 3769 770 3831 quas
786 3751 954 3813 Urlichsius
978 3754 1049 3814 scite
1068 3755 1194 3815 coniecit
1208 3755 1244 3813 1111

174 3859 348 3940 Epimenide
363 3859 497 3939 Spartam
513 3859 666 3921 translatas
678 3859 767 3921 luisse
771 3902 876 3921 ......
897 3860 1016 3924 Scilicet
1027 3860 1177 3922 Cretensis
1190 3862 1243 3922 dea

175 3968 227 4028 luit
244 3967 347 4029 multis
362 3966 468 4028 tabulis
483 3984 551 4029 cum
565 3967 665 4029 Minoe
680 3968 855 4029 coniuncta»
875 3970 931 4047 (Cf.
944 3968 1070 4031 Prelleri
1084 3968 1177 4048 Myth.
1195 3986 1240 4047 gr.

164 4076 209 4138 erl.
227 4093 286 4137 sec.
305 4075 347 4148 Il,
366 4074 448 4153 rao).
