3159 5059
800 486 960 552 -90...

335 626 470 698 mittere
481 632 532 697 est
542 632 694 697 conatus.
711 628 841 706 Quibus
850 635 965 699 tamen
974 618 1181 699 obstiterunt
1194 633 1320 719 patres,
1335 627 1427 700 unde

335 752 502 823 concitata
520 750 640 821 seditio
664 758 697 821 et
716 754 842 839 agitata
860 754 995 823 ciuitas.
1014 756 1086 823 Ηοο
1110 754 1204 824 enim
1222 754 1425 821 inusitatum

335 883 369 947 et
379 877 529 945 insolens
544 882 706 944 euenerat
725 876 854 944 sensim
870 876 961 966 apud
976 879 1171 968 Spartanos
1190 876 1321 945 scilieet
1335 897 1422 946 mer-

335 1008 452 1071 catura
481 1005 514 1068 et
541 999 659 1067 fenore
683 998 821 1087 plebem
851 1020 921 1067 non
952 1001 1171 1069 constitutam
1198 1000 1306 1068 fuisse
1330 1000 1422 1068 uude

333 1146 480 1215 magnus
509 1122 784 1214 suppeditaretur
812 1124 942 1192 ciuium
967 1130 1180 1214 prouentus;
1217 1124 1279 1193 sed
1304 1132 1423 1194 eontra

331 1252 551 1319 imminutum
579 1269 656 1319 esse
686 1254 845 1317 ueterum
875 1248 1005 1316 ciuium
1041 1269 1227 1319 numerum
1259 1254 1300 1317 et.
1327 1249 1420 1317 lento

332 1380 533 1463 secretoque
552 1393 735 1463 progressu
755 1378 932 1441 aceruatos
959 1394 1043 1463 opes
1075 1374 1111 1442 in
1134 1394 1324 1464 paucorum
1343 1394 1419 1442 ma-

332 1501 444 1570 nibus.
473 1499 564 1577 Quos
583 1499 676 1588 ipsos
695 1498 737 1567 ab
764 1499 902 1588 ephoris
925 1498 1092 1566 auxilium
1106 1505 1140 1567 et
1157 1499 1300 1567 tutelam
1318 1500 1420 1567 acue?

331 1623 423 1713 pisse
431 1642 486 1691 res
500 1622 747 1690 demonstrant.
762 1621 863 1701 Quin,
876 1641 995 1690 eorum
1011 1621 1274 1709 magistratuum
1283 1620 1416 1701 munia,

330 1756 363 1820 et
383 1756 459 1819 ante
478 1750 591 1837 legem
610 1747 763 1837 Epitadei
786 1748 904 1831 latam,
923 1749 1010 1816 hano
1033 1748 1086 1815 rei
1106 1746 1252 1836 publicae
1267 1745 1419 1815 indolem

240 1854 241 1859 ἵ
330 1875 458 1943 fouisse
475 1874 552 1964 quis
572 1893 643 1941 non
663 1871 873 1941 arbitretur?

377 2104 425 2171 De
441 2103 515 2170 iure
528 2101 700 2189 gentilicio
715 2099 806 2190 apud
820 2100 1004 2190 Spartanos
1020 2122 1099 2169 eum
1113 2122 1222 2191 pauca
1234 2108 1373 2171 tantum
1386 2109 1421 2171 et

327 2229 454 2297 ineerta
486 2226 647 2308 sciamus,
683 2224 776 2293 haud
808 2225 1007 2315 expeditum
1033 2234 1086 2296 est
1121 2226 1315 2296 discernere
1343 2250 1420 2318 quae

328 2350 663 2441 partes'ephororum
683 2350 767 2417 iuris
783 2349 924 2418 dictioni
945 2350 1119 2419 attributae
1136 2352 1266 2420 fuerint
1288 2352 1325 2420 in
1348 2353 1418 2422 dis·

328 2476 453 2565 cipliua
465 2475 651 2543 domestica
665 2480 699 2543 et
712 2474 830 2563 litigiis
841 2475 930 2542 inter
947 2478 1165 2566 propinquos
1177 2478 1272 2546 ortis.
1292 2478 1318 2544 E
1334 2498 1418 2567 cog-

326 2602 455 2669 uitione
470 2599 608 2688 regibus
624 2598 759 2668 relieta⁴
780 2607 921 2689 apparet
935 2602 971 2668 in
982 2601 1035 2669 his
1049 2601 1155 2670 rebus
1172 2602 1232 2670 diu
1247 2602 1418 2692 integram

328 2732 485 2795 ueterum
499 2730 693 2813 temporum
707 2723 1007 2810 consuetudinem,
1021 2746 1083 2815 per
1094 2727 1244 2816 speeiem
1259 2727 1414 2817 quidem,

327 2856 497 2920 seruatam
521 2869 609 2919 esse.
633 2849 824 2937 singularia
843 2854 959 2917 tamen
978 2851 1206 2939 conspicuum
1231 2858 1282 2920 est
1309 2852 1416 2921 etiam

328 2974 369 3043 de
389 2974 463 3042 aliis
483 2974 595 3041 causis
614 2973 732 3040 munia
747 2992 869 3061 regum
884 2973 1067 3041 constituta
1082 2994 1172 3059 esse,
1192 2994 1257 3043 nee
1270 2975 1306 3042 in
1326 2996 1415 3064 quos

288 3122 290 3125 ·
326 3099 543 3187 magistratus
569 3103 690 3166 ceterae
720 3117 832 3165 oausae
859 3097 1107 3185 competierint‚
1148 3100 1270 3167 elucet.
1301 3102 1345 3167 At
1373 3099 1416 3168 de

326 3222 543 3292 matrimonio
570 3221 731 3289 hahuisse
759 3221 995 3289 auctoritatem
1019 3222 1166 3310 ephoros
1185 3228 1330 3307 constat,
1352 3227 1412 3313 qui

326 3348 369 3417 ad
385 3350 492 3417 iustas
515 3347 654 3436 nuptias
674 3366 795 3435 cogere
811 3345 953 3413 idoneos
968 3346 1062 3414 ciues
1081 3353 1241 3436 possent;
1263 3368 1345 3416 narn
1365 3359 1415 3423 καὶ

323 3482 449 3569 ἀγαμίου
458 3476 535 3554 δίκη,
547 3481 594 3543 καὶ
605 3478 758 3567 ὀψιγαμίου
769 3478 818 3541 ναὶ
830 3478 1010 3563 κακογαμίου
1023 3468 1065 3537 ab
1078 3470 1144 3538 illis
1155 3471 1409 3542 intendebatur.

325 3599 423 3679 Quod
436 3602 472 3667 in
490 3619 602 3687 reges
625 3596 717 3665 idem
731 3597 767 3663 in
781 3596 876 3665 eines
892 3596 947 3663 ius
956 3595 980 3661 ii
1000 3593 1215 3679 exercebant,
1229 3616 1294 3665 neo
1308 3598 1409 3687 iguo-

322 3731 415 3793 ratur
430 3723 471 3792 ab
487 3725 536 3793 eis
548 3722 828 3791 animaduersum
839 3742 915 3791 esse
927 3720 962 3789 in
980 3719 1130 3788 filiarum
1144 3720 1310 3809 Lysandri
1326 3744 1410 3812 pro-

305 3872 393 3951 ¹cos,
416 3852 487 3940 qui,
509 3857 587 3941 post
604 3849 710 3939 patris
729 3848 873 3934 obitum,
891 3846 1113 3937 pauperiores
1127 3846 1261 3935 puellas
1279 3845 1407 3916 ducere

364 4094 372 4131 ⁴
399 4095 446 4157 of.
464 4113 544 4176 sup,
561 4111 627 4174 pag.
646 4093 696 4157 44.
