3159 5059
1657 446 1729 466 -.
1776 414 1849 478 62
1894 448 1969 460 .-

744 548 953 637 sent¹,
1001 559 1366 637 constaret,
1401 555 1811 646 regibusque
1835 554 2199 638 adsideret,
2232 554 2558 644 peculiari
2587 554 2894 644 potentia

748 678 883 747 iam
923 677 1238 748 utebatur
1275 685 1342 749 et
1377 701 1499 770 pro
1552 681 1734 748 uirili
1775 686 1961 769 parte
2022 701 2131 750 res
2172 680 2479 770 publicas
2527 676 2886 761 tractabat,

752 805 1074 894 suffragio
1122 812 1382 875 tantum
1418 807 1599 875 binis
1643 807 1921 896 regibus
1950 806 2206 876 relicto.

842 928 974 998 Sed
1008 930 1079 997 in
1106 930 1235 999 hac
1262 950 1496 1012 rerum
1522 932 1897 999 mutatione
1929 950 2133 1020 quam
2163 930 2441 997 demum
2462 928 2896 997 confirmauit

754 1053 868 1120 illa
901 1054 1376 1144 Theopompea
1413 1076 1563 1144 quae
1616 1054 1858 1123 dicitur
1908 1060 2161 1138 rhet-ra,
2206 1060 2273 1123 et
2307 1053 2640 1143 Polydoro
2670 1054 2895 1122 Theo-

754 1201 1141 1271 pompoque
1168 1202 1329 1250 uere
1368 1182 1751 1267 tribuenda,
1800 1183 1852 1251 si
1905 1188 1984 1252 H.
2024 1187 2238 1249 Bazin
2276 1177 2673 1262 credimus‘2,
2718 1200 2894 1247 nus-

753 1314 960 1382 quam
988 1301 1313 1383 apparent
1360 1296 1475 1385 qui
1525 1296 1692 1363 iuris
1741 1295 2105 1364 dictionem
2131 1295 2474 1364 forensem
2500 1300 2900 1362 exercerent

752 1426 869 1486 aut
932 1418 1201 1487 decreta
1265 1424 1538 1487 senatus
1597 1425 2159 1509 exsequerentur,
2224 1418 2394 1486 adeo
2450 1422 2525 1484 ut
2560 1416 2899 1485 defecisse

759 1540 1063 1610 dicamus
1101 1544 1378 1611 omnino
1409 1564 1526 1612 eos
1564 1545 1997 1632 magistratus
2035 1544 2150 1634 qui
2174 1545 2243 1611 in
2281 1543 2434 1612 aliis
2471 1543 2894 1626 ciuitatibUS,

749 1666 972 1733 attrita
990 1686 1230 1755 regum
1270 1669 1689 1753 auctoritate,
1736 1674 1802 1737 et
1831 1667 2078 1736 iudicia
2106 1674 2173 1736 et
2218 1688 2451 1737 curam
2490 1666 2735 1755 agendi
2767 1686 2896 1735 ne-

747 1792 931 1880 gotia
969 1813 1006 1861 e
1036 1798 1317 1860 senatus
1355 1791 1691 1862 mandatis
1730 1794 2299 1861 administrarent.

844 1917 1062 2001 Nunc,
1126 1921 1277 1984 utut
1341 1936 1415 1985 se
1460 1937 1570 1985 res
1610 1916 1839 2000 habet,
1883 1918 1955 1983 in
1990 1923 2288 1985 mentem
2326 1936 2651 1985 reuocare
2683 1917 2899 1985 uelim

749 2059 954 2127 quam
990 2040 1222 2107 multis
1250 2040 1653 2107 testimoniis
1691 2040 1767 2107 O.
1812 2040 2179 2108 Muellerus
2207 2040 2499 2130 ephoros
2539 2039 2901 2108 iudiciaria

750 2161 1044 2251 quadam
1073 2169 1402 2252 potestate
1440 2168 1713 2233 ornatos
1744 2165 1813 2231 in
1862 2165 2012 2232 aliis
2048 2184 2320 2254 quoque
2357 2163 2747 2232 ciuitatibus
2776 2164 2905 2232 do-

750 2289 907 2357 ricis
941 2290 1429 2379 antiquissimis
1449 2290 1661 2358 fuisse
1693 2286 2309 2358 demonstrauerit⁵.
2348 2290 2460 2358 Sat
2497 2290 2623 2361 erit
2659 2309 2897 2359 exem-

750 2415 941 2503 plum
963 2413 1330 2504 decerpere
1357 2414 1589 2483 Therae
1617 2415 1860 2483 insulae
1898 2434 2033 2504 quo
2054 2415 2259 2503 longe
2296 2419 2454 2483 ante
2482 2414 2903 2503 Theopompi

753 2560 1042 2628 regnum
1103 2545 1418 2628 spartana
1454 2539 1720 2607 colonia
1769 2538 2058 2607 deducta
2095 2535 2293 2606 erat⁴.
2350 2539 2427 2605 In
2485 2537 2592 2604 his
2646 2538 2902 2605 morari

754 2683 1253 2753 superuacuum
1282 2669 1407 2731 est.
1432 2664 1516 2730 At
1533 2683 1671 2731 non
1702 2662 2037 2752 perspicio
2060 2684 2196 2752 quo
2214 2664 2361 2731 iure
2390 2662 2635 2730 harum
2667 2682 2901 2730 rerum

758 2789 1250 2862 existimatores
1287 2789 1482 2877 parui
1520 2788 1769 2856 faciant
1813 2787 2276 2856 narrationem
2328 2808 2366 2855 a
2394 2782 2717 2857 Diodoro⁸
2760 2794 2827 2857 et
2857 2808 2898 2856 a

757 2906 1114 2982 Pausania⁶
1135 2912 1448 2981 traditam
1487 2913 1570 2981 de
1593 2912 1961 3001 Polychare
1992 2914 2331 2982 messenio
2362 2914 2671 3002 querenti
2715 2914 2899 3003 apud

755 3039 1070 3128 ephorOS,
1107 3043 1260 3107 ante
1288 3037 1489 3126 primi
1505 3037 1668 3105 belli
1706 3038 2028 3105 messenii
2068 3037 2450 3123 exordium,
2502 3037 2588 3107 ob
2619 3038 2904 3109 iniurias

840 3277 855 3315 ⁴
903 3279 1112 3352 Iliad„
1145 3278 1258 3350 IV,
1289 3276 1427 3339 323.

837 3379 864 3421 ²
901 3387 975 3447 H.
1009 3386 1228 3460 Bazin,
1260 3385 1350 3444 De
1381 3384 1676 3462 Lycurg0‚
1711 3398 1839 3461 pag.
1873 3380 2167 3443 104-106.

842 3499 889 3539 ⁸·
911 3494 975 3555 0.
1011 3494 1252 3567 Mitller,
1288 3492 1401 3553 Die
1432 3492 1667 3566 Dorier,
1699 3506 1834 3569 pag.
1873 3488 1986 3551 107
2018 3507 2145 3569 sqq.

837 3601 859 3639 ⁴
904 3603 1025 3675 Id„
1056 3600 1224 3673 ibid.,
1258 3618 1386 3679 pag.
1428 3599 1564 3661 112.

837 3714 859 3748 ⁸
904 3710 1100 3781 Diod„
1137 3708 1311 3781 VIII,
1346 3706 1418 3767 fr.
1451 3706 1511 3781 7,
1546 3705 1737 3769 Bekk.

779 3892 782 3895 ῃ
836 3820 858 3854 ⁸
902 3818 1197 3891 Pausan„
1245 3814 1358 3887 IV,
1390 3812 1450 3874 4.
1483 3813 1541 3874 8.
1611 3813 1761 3884 Quae
1802 3814 2133 3874 testimonia
2176 3814 2343 3891 parui
2389 3813 2523 3875 fecit
2564 3816 2715 3877 inter
2760 3815 2910 3881 alios

760 3920 1112 3997 SchaeferuS,
1158 3922 1250 3981 De
1294 3918 1518 4000 Ephor.
1574 3918 2009 3992 Lacedaemon„
2057 3936 2187 3999 pag.
2233 3924 2295 3981 8.
2346 3918 2516 3981 Adde
2565 3921 2903 3998 Frickium,

764 4033 854 4091 De
887 4028 1107 4107 Ephor.
1146 4027 1447 4107 Spartan„
1482 4044 1613 4107 pag.
1657 4024 1745 4087 11.
