3159 5059
600 422 777 485 -105-

147 563 357 652 praecipuum
371 561 517 630 ducendi
531 560 612 629 belli
624 581 749 630 munus
759 582 866 651 penes
880 564 972 631 solos
982 564 1128 653 ephoros
1139 570 1190 632 est
1201 562 1224 630 ⁴.

146 688 185 755 ln
217 685 312 755 libris
348 692 462 756 autem
493 686 680 755 Hellenicis
714 689 772 776 qui
807 688 1050 774 inscribuntur,
1087 687 1228 757 eosdem

141 810 333 899 Xenophon
350 809 497 879 ostendit
521 810 658 879 arbitrio
679 832 741 879 suo
761 818 796 879 et
814 811 885 881 fere
905 813 997 881 solos
1016 812 1059 881 de
1081 812 1172 882 bello
1192 820 1226 881 et

144 932 186 1002 de
213 954 296 1023 pace
329 933 535 1019 decreuisse,
571 935 701 1023 legatos
736 941 955 1006 externarum
982 937 1136 1025 gentium
1168 937 1226 1004 uel

142 1059 325 1147 recepisse,
347 1058 417 1137 uel,
440 1060 468 1127 si
489 1058 675 1143 uideretur,
698 1061 782 1129 urbe
805 1061 989 1150 expulisse.
1015 1060 1112 1139 Quod
1144 1061 1226 1129 satis

145 1183 355 1253 demonstrat
366 1185 489 1273 legatio
500 1186 709 1255 atheniensis
719 1187 939 1255 Theramenis
954 1187 997 1256 ad
1011 1207 1129 1276 regem
1140 1187 1228 1273 Agin

144 1310 254 1393 missi,
272 1330 351 1378 cum
368 1311 524 1393 Athenae,
541 1311 672 1379 uiribus
687 1312 875 1397 exhaustis,
899 1333 1017 1401 pacem
1032 1334 1052 1381 a
1065 1311 1225 1380 Lacedae-

144 1458 246 1506 mone
260 1438 488 1528 postulabant.
510 1438 601 1526 Rege
615 1459 723 1507 rema
741 1460 778 1507 se
798 1439 947 1530 pendere
969 1445 1127 1528 negante,
1144 1440 1226 1506 Tbe-

143 1582 302 1631 ramenes
321 1562 417 1651 petiit
436 1563 589 1652 Spartam
605 1563 694 1633 unde
715 1564 757 1630 ab
773 1564 912 1653 ephoris
930 1563 1060 1631 ciectus
1078 1570 1141 1632 est.
1164 1562 1230 1641 Qui

143 1708 223 1757 cum
249 1688 423 1777 Lysandro
449 1690 542 1779 pacis
560 1688 779 1758 condiciones
794 1696 1019 1779 proposuerat
1034 1689 1076 1757 ab
1100 1708 1142 1758 eo
1162 1709 1232 1758 res·

142 1834 292 1904 ponsum
310 1813 387 1905 tulit
400 1834 505 1902 penes
525 1815 672 1904 ephoros
688 1835 764 1885 esse
780 1816 834 1883 ius
849 1814 892 1883 de
910 1835 994 1903 pace
1010 1820 1068 1882 eut
1083 1814 1125 1882 de
1140 1814 1231 1882 bello

146 1940 281 2030 agendi,
298 1948 419 2022 ἐκείνους
441 1950 555 2037 κυρίους
569 1944 640 2013 εἶναι
662 1950 769 2027 εἰρήνης
789 1949 838 2013 καὶ
856 1938 1018 2036 πολέμουῖ.
1042 1941 1128 2009 Sane
1147 1960 1232 2008 con-

147 2068 277 2136 tionem
305 2074 424 2156 postea
452 2073 675 2137 conuocatam
713 2088 789 2137 esse
827 2068 1021 2157 Xenophon
1056 2067 1122 2137 hoc
1155 2066 1231 2134 loco

150 2190 261 2260 docet.
275 2193 317 2259 At
331 2192 416 2259 illud
427 2192 772 2262 animaduertendum
783 2192 888 2261 estad
900 2196 1021 2281 gentes
1034 2191 1117 2259 alias
1132 2196 1232 2279 atque

153 2319 196 2389 ad
210 2322 392 2411 Spartanos
419 2320 600 2389 consilium
621 2340 758 2410 quoque
780 2318 986 2411 capiendum
1014 2318 1229 2409 pertinuisse.

153 2447 303 2526 Quarum
329 2448 527 2539 ceteroquin
559 2448 764 2517 sententiam
799 2447 940 2515 minime
973 2446 1082 2515 secuti
1114 2446 1233 2536 ephori

153 2574 294 2644 Athenis
308 2580 546 2665 pepercerunt.
564 2574 715 2644 Alteram
730 2575 901 2664 posterius
914 2574 1073 2643 uidemus
1083 2572 1234 2641 habitam

153 2676 229 2771 esse
244 2701 450 2785 contionem,
473 2721 553 2770 cum
571 2700 689 2769 eiectis
712 2720 732 2767 a
749 2699 962 2788 Thrasybulo
982 2697 1119 2787 triginta
1132 2697 1230 2781 uiriS,

154 2825 349 2916 quindecim
367 2826 461 2894 uiros
489 2824 546 2915 qui
574 2845 630 2893 res
654 2829 902 2913 componerent
924 2824 1075 2891 Athenas
1099 2822 1234 2890 mittere

153 2948 307 3037 Spartani
326 2947 361 3014 in
387 2948 500 3015 animo
526 2947 730 3016 habuerunt.
754 2945 822 3015 Sed
849 2946 897 3013 ibi
925 2947 1040 3030 etiam,
1071 2944 1233 3033 quoniam

153 3074 302 3143 clamore
321 3073 469 3161 populus
488 3072 650 3161 suffragia
668 3071 812 3155 ferebat,
842 3070 961 3161 ephori
980 3070 1078 3140 facile
1107 3070 1234 3158 primas

155 3196 312 3286 agebant,
334 3196 554 3265 clamantium
573 3195 714 3265 contuse
738 3195 880 3263 consilia
907 3190 1149 3284 iuterpretati³.
1169 3195 1231 3278 lta,

156 3322 272 3412 quinto
292 3325 369 3389 ante
384 3320 419 3387 G.
439 3339 473 3386 n.
493 3321 629 3403 saeoulo,
658 3319 796 3410 ephoris
815 3317 975 3387 mandata
993 3338 1070 3387 esse
1095 3319 1233 3407 negotia

155 3468 231 3538 quae
244 3446 415 3536 Spartanis
426 3465 505 3513 oum
516 3445 591 3515 aliis
601 3445 736 3534 populis
747 3443 1015 3526 intercedebant,
1031 3442 1229 3532 quinimmo

154 3579 260 3642 totam
279 3572 320 3639 ab
342 3572 392 3639 eis
415 3571 561 3639 ciuitatis
578 3576 781 3659 potestatem
800 3573 834 3637 et
855 3568 953 3658 quasi
971 3588 1155 3659 personam
1173 3588 1229 3637 re-

154 3702 391 3789 praesentatam
405 3716 481 3766 esse
500 3716 561 3786 pro
578 3701 670 3767 certo
685 3694 884 3765 habendum
902 3700 966 3763 est.

195 3908 202 3940 ¹
231 3903 375 3981 reuoca,
393 3903 483 3976 vni,
503 3902 608 3964 11-12.

193 4006 206 4044 ‘·'
225 4011 372 4090 Xenopo,
392 4011 523 4083 Hellen,
540 4012 583 4085 II,
600 4008 629 4083 2,
647 4009 676 4083 7,
697 4008 743 4070 [8.
759 4006 826 4053 -3
847 4010 905 4084 ld,
924 4008 1009 4082 ibid,
1026 4008 1068 4082 ll,
1086 4007 1115 4083 4,
1133 4010 1182 4071 38.

1120 4108 1138 4161 7
