3159 5059
565 475 722 538 -61-

104 634 143 683 se
160 613 197 680 in
215 612 369 682 medium
383 613 560 704 proferunt
579 613 719 683 demum
737 636 849 704 reges,
873 621 1023 700 senatus,
1046 618 1181 707 ephori,

103 738 258 829 populus
269 738 328 828 qui
343 739 517 809 homerica
530 740 685 809 uirorum
700 740 854 826 consilia,
873 741 963 831 quod
983 741 1027 811 ad
1039 738 1183 833 Lycurgi

102 865 328 953 tempus-uel
344 864 386 933 ad
397 864 671 956 uicinatempora
681 866 837 955 Lycurgo
849 868 979 951 attinet,
996 889 1181 959 repraesen-

103 996 152 1059 tat
166 990 282 1080 aliqua
296 991 422 1080 speeie,
438 992 498 1061 sed
509 993 623 1081 specie
632 997 774 1061 tantum.
789 993 876 1061 Nam
890 992 933 1062 de
943 995 1182 1065 constitutione

104 1115 268 1203 lycurgea
281 1114 367 1181 nihil
387 1117 536 1205 amplius
562 1118 758 1206 accepimus
777 1136 881 1205 quem
893 1138 1021 1187 nouam
1038 1118 1181 1189 diuisio-

105 1258 187 1307 nem
217 1238 352 1308 saetam
365 1260 440 1309 esse
458 1240 561 1309 huius
578 1240 695 1331 populi
719 1248 751 1310 et
773 1241 995 1310 constitutum
1013 1244 1182 1332 etriginta

104 1365 205 1448 uiris,
217 1365 305 1433 inter
320 1385 407 1455 quos
423 1368 670 1436 annumerandi
684 1367 757 1434 bini
767 1387 878 1455 reges,
902 1374 1057 1436 senatum
1072 1392 1079 1453 ;
1095 1370 1179 1437 rela-

102 1488 216 1559 tiones
250 1495 364 1559 autem
397 1490 552 1580 Lycurgo
580 1491 785 1581 regibusque
814 1499 1005 1561 reseruatas
1036 1514 1113 1563 esse
1145 1494 1180 1562 in

101 1618 263 1689 contione
282 1618 400 1707 populi
417 1618 475 1708 qui
493 1624 602 1686 ratam
616 1638 691 1686 esse
706 1619 818 1706 legem
837 1620 932 1687 solus
947 1618 1096 1688 iubebat.
1110 1621 1180 1689 Nec

100 1743 169 1810 alia
188 1742 317 1811 'ratione
338 1763 378 1812 ea
396 1742 626 1831 comperimus
647 1748 747 1832 atque
768 1748 883 1809 rhetra
899 1744 1046 1833 quadam
1065 1766 1085 1813 a
1102 1746 1177 1813 Plu-

99 1866 219 1933 tarcho
248 1863 378 1933 allata'.
408 1866 467 1933 Cui
505 1867 534 1934 si
562 1864 668 1934 fidem
694 1865 909 1952 adhibemus
937 1876 1075 1957 apparet
1093 1870 1179 1936 nihil

100 1991 284 2079 incepisse,
305 1989 391 2057 nihil
410 1996 524 2058 actum
544 2010 621 2059 esse
636 2011 696 2079 per
710 1991 889 2080 populum,
903 1992 958 2059 cui
976 1993 1070 2081 leges
1090 1993 1178 2061 anti-

101 2114 231 2206 quandi
251 2120 383 2183 tantum
402 2120 460 2182 aut
488 2114 663 2182 sanciendi
696 2115 750 2183 ius
774 2136 974 2184 concessum
1003 2124 1086 2200 erat,
1108 2138 1179 2186 non

18 2236 23 2246 '
102 2260 223 2309 carum
241 2237 520 2308 excutiendarum
535 2243 593 2306 aut
607 2237 900 2307 emendandarum
918 2241 1026 2329 copia.
1048 2241 1134 2318 Quid
1149 2242 1178 2309 si

100 2372 241 2438 centum
273 2365 406 2433 circiter
434 2369 467 2432 et
500 2364 638 2453 triginta
670 2366 769 2433 annis
800 2372 930 2455 postea,
960 2366 1177 2458 Theopompo

98 2496 277 2581 regnante,
303 2491 390 2559 hano
414 2492 605 2580 reperimus
628 2492 796 2560 rhetram:
822 2492 903 2560 «Sin
926 2513 1073 2582 prauum
1097 2493 1179 2584 quid

98 2617 247 2707 populus
262 2615 427 2699 statuerit,
451 2617 626 2684 seniorum
641 2636 829 2705 regumque
844 2622 917 2686 esto
933 2618 1178 2687 discessionem

96 2738 266 2825 sacerd»,
283 2740 383 2809 idest
402 2742 596 2811 contionem
612 2742 794 2825 dimittere,
813 2763 1088 2834 quaenunquam,
1111 2745 1178 2814 nisi

100 2866 296 2957 quibusque
324 2864 523 2954 pleniluniis
548 2864 813 2950 conuoeahatur,
846 2874 879 2936 et
911 2868 1180 2936 controuersiam

99 2990 314 3079 transigendi
334 2997 391 3059 aut
419 2990 511 3081 quod
537 2992 653 3059 uisum
669 2991 771 3059 fuerit
795 2993 962 3081 optimum
983 2993 1180 3062 assumendi

100 3121 271 3208 potestate
291 3117 353 3185 uti.

148 3245 310 3312 Creuerat
336 3242 439 3331 igitur
461 3244 597 3312 interim
613 3249 752 3312 senatus
772 3244 953 3313 auctoritas
975 3253 1009 3313 et
1027 3244 1059 3314 ei
1089 3244 1182 3335 quod

99 3371 256 3458 Lycurgo
274 3365 437 3435 tribuerat
460 3368 551 3456 prior
570 3368 684 3436 rhetra
708 3368 762 3436 ius
776 3368 862 3436 illud
878 3374 1099 3439 successerat.
1118 3370 1181 3440 Hic

102 3492 280 3561 seniorum
298 3497 408 3559 coetus
423 3492 535 3580 qualis
550 3491 641 3581 apud
655 3493 843 3561 Homerum
861 3499 1082 3578 memoratur,
1102 3514 1182 3561 cum

103 3618 152 3685 eis
187 3616 246 3705 qui
265 3621 404 3705 propter
423 3620 558 3686 aetatem
576 3618 728 3686 consiliis
755 3623 890 3686 tantum
906 3618 1069 3707 prodesse
1098 3641 1180 3709 pos·

143 3881 152 3913 ¹
176 3873 276 3946 Pium,
296 3873 382 3949 Lyn,
401 3870 430 3944 (i,
448 3870 475 3931 7.
566 3860 568 3867 ¹

144 3980 155 4017 '³
174 3983 270 4057 Pion,
292 3979 380 4049 ibid„
399 3978 447 4040 15.
470 3987 497 4039 αἱ
509 3981 536 4039 δὲ
550 3986 649 4042 enotuit
660 3986 673 4044 ὁ
686 3983 762 4065 δᾶμος
774 3986 862 4048 ἕλοιτο,
878 3989 936 4049 τοὺς
947 3986 1123 4064 πριοὸυγινὲας
1139 3990 1180 4042 καὶ

106 4096 248 4175 αρχαγὲτας
262 4097 440 4175 ἀποστοτῆρας
455 4090 527 4175 εἶμεν.
