3159 5059
653 434 814 497 ..95-

181 576 264 643 tiam
277 574 452 665 spectabat
465 576 570 644 etiam
581 575 744 645 Herodoti
758 581 914 665 tempore
933 595 1041 664 penes
1060 595 1160 663 reges
1177 581 1262 658 erat,

179 699 310 769 bellum
335 698 485 769 indicere
508 699 665 769 hostibus
693 705 728 771 et
753 699 893 783 inferre,
921 699 1085 769 exercitui
1117 720 1265 791 praeesse

181 828 215 893 et
245 824 288 893 ad
320 825 498 893 arbitrium
530 844 632 893 suum
659 844 800 913 regere:
821 832 900 896 «καὶ
917 826 1054 919 ,werpe
1080 856 1114 920 γε
1141 828 1266 920 ἐκφέρειν

178 939 259 1027 ἐπ’ἥν
276 962 311 1027 ἄν
340 949 502 1042 potitum:
527 955 642 1045 χώραν,
663 949 764 1021 τοὺτου
784 952 816 1023 δὲ
840 952 946 1045 μηδένα
970 953 1039 1023 εἶναι
1066 956 1268 1043 Σπαρτιητέων

178 1078 357 1156 δικκωλυτὴν
368 1091 407 1147 ἐἰ
419 1078 450 1147 δέ
462 1085 515 1172 μὴ,
531 1080 661 1149 αὐτὸνέν
677 1088 744 1171 ἄγεϊ
758 1078 904 1170 ἐνέχεσθαι
919 1099 936 1141 ))
952 1075 1090 1165 (Herod,
1103 1076 1160 1159 Vl,
1175 1069 1264 1170 56)'.

181 1203 223 1270 At
244 1224 319 1293 quae
345 1202 455 1272 fuerat
479 1221 600 1290 regum
621 1201 655 1268 in
680 1200 783 1269 rebus
797 1201 930 1271 bellicis
950 1201 1132 1269 auctoritas
1156 1201 1267 1268 attrita

180 1328 357 1417 paulatim,
380 1347 442 1417 pro
463 1346 588 1415 magne
601 1331 708 1415 parte,
736 1327 771 1394 in
786 1327 933 1415 ephoros
959 1326 1071 1395 cessit.
1091 1328 1162 1394 Iam
1175 1327 1267 1394 enim

182 1448 1266 1539 antePersicahellaregemrerumgestorumrctionemreddere

182 1580 338 1643 coactum
370 1594 446 1643 esse
479 1574 636 1663 exemplo
667 1574 858 1643 Cleomenis
878 1573 1034 1644 eiusdem
1063 1570 1262 1642 docemur2.

184 1698 268 1766 Cum
287 1702 402 1766 autem
427 1698 622 1766 inuoluerat
647 1698 838 1787 primorum
871 1697 1073 1781 dominatio,
1102 1698 1267 1785 flagrante

180 1822 271 1891 bello
299 1824 600 1912 Peloponnesiaco,
636 1824 801 1893 seueriori
835 1822 992 1892 addictus
1017 1828 1069 1893 est
1096 1844 1157 1891 rex
1183 1824 1266 1912 Agis

180 1949 307 2031 tutelae,
326 1947 520 2016 auctoribus
548 1948 697 2037 ephoriS,
725 1955 759 2017 et
781 1947 987 2017 decemuiris
1006 1948 1188 2032 obnoxius
1206 1950 1265 2038 qui

181 2072 253 2160 regi
273 2072 416 2141 consilia
441 2072 561 2140 darent
580 2071 622 2141 de
650 2073 801 2142 exercitu
817 2093 859 2141 ex
883 2072 1035 2141 hostium
1059 2072 1185 2141 finibus
1202 2072 1264 2141 do-

182 2216 279 2263 mum
297 2194 493 2265 reducendo
505 2192 531 2262 ³.

230 2320 300 2389 Nec
314 2321 422 2409 magis
437 2319 535 2427 lilperi
553 2341 573 2389 a
592 2320 792 2390 custodibus
807 2327 841 2391 et
861 2321 1023 2410 uigilibus
1037 2341 1136 2410 reges
1150 2329 1261 2404 erunt,

182 2446 210 2514 si
239 2466 309 2514 non
338 2445 557 2515 decemuirali
586 2445 731 2515 concilio
760 2445 974 2529 circumdati,
1005 2446 1099 2536 quod
1126 2446 1262 2536 quidem

181 2570 357 2638 insolitum
377 2575 458 2637 erat.
482 2570 569 2637 Nam
587 2570 718 2638 incerto
736 2575 904 2659 tempore,
930 2570 1021 2659 q'uod
1040 2572 1130 2639 aetati
1150 2576 1264 2639 tamen

180 2693 414 2783 Xenophontis
428 2714 615 2781 congruere
630 2694 780 2776 uidetur,
799 2695 875 2782 lege
890 2701 924 2764 et
937 2716 1004 2763 usu
1019 2694 1164 2763 inuoluit
1178 2715 1263 2763 con-

182 2817 327 2888 suetudo
348 2837 415 2907 qua
434 2838 551 2905 regem
568 2819 770 2886 alterutrum
786 2818 822 2884 in
841 2817 973 2886 bellum
991 2817 1264 2905 proficiscentem

183 2946 250 3015 dUO
278 2944 397 3034 ephOl‘l
428 2944 691 3013 comitarentur:
712 2952 890 3039 «νομίζεται
915 2947 965 3027 ξὺν
993 2948 1111 3035 βασιὶεῖ
1131 2943 1181 3016 δῦο
1208 2957 1265 3017 τῶν

182 3074 290 3167 ἐφόρων
307 3069 547 3167 ξυστρατεὺεσθαι
564 3095 580 3135 »
598 3071 765 3160 (Xenoph.
791 3072 944 3154 Hellen,
967 3070 1063 3154 11,t,
1082 3068 1153 3163 36).
1172 3071 1264 3148 Quo·

184 3220 261 3267 rum
275 3220 400 3267 munus
416 3199 461 3267 ita
475 3198 614 3287 regibus
628 3198 793 3267 infestum
812 3196 1001 3267 habebatur
1015 3203 1053 3265 ut
1066 3197 1264 3265 Aristoteles

154 3365 161 3378 ·
184 3326 247 3393 hos
267 3324 395 3413 legatos
410 3350 430 3391 u
443 3325 599 3394 inimicos
618 3324 709 3413 regis
722 3347 739 3389 n
753 3325 907 3393 nominet
923 3347 930 3391 :
948 3326 1104 3417 ἐξέπεμπον
1114 3353 1266 3419 συμπρεσ-
1336 3302 1338 3305 ‚

225 3622 234 3656 ¹
247 3616 387 3687 (lidum,
400 3614 537 3675 llutstelr.
550 3611 609 3676 und
621 3610 780 3673 llutwiclrl.
793 3612 844 3675 des
856 3612 995 3689 Spartan.
1005 3608 1132 3687 Epiron,
1144 3609 1262 3688 pagoit,

185 3724 234 3787 59.
252 3724 300 3786 (tl.
310 3721 345 3785 de
357 3721 527 3785 Cleomenis
538 3720 658 3783 militari
668 3721 793 3803 imperio
806 3719 930 3795 Herod,
945 3720 1003 3792 VI,
1019 3716 1058 3779 64
1071 3737 1078 3793 ;
1094 3718 1135 3791 V,
1149 3716 1265 3789 70-76;

185 3835 228 3907 V,
244 3830 294 3894 63.

226 3935 239 3973 ²
261 3936 391 4011 Herod,
408 3937 466 4013 VI,
483 3936 533 3998 82.

228 4044 241 4083 ³
267 4045 422 4125 Thucyd„
436 4046 478 4120 V,
494 4044 545 4106 63.
