3159 5059
636 434 675 447 -
696 400 732 463 31
754 436 795 447 -
918 392 929 420 ¹

182 536 253 604 iarn
273 557 294 605 a
310 537 473 607 vicesimo
499 558 588 607 anno
608 540 921 623 Olympionicarum
936 540 1076 609 uomina
1093 538 1260 607 inscribe-

181 667 315 748 rentur,
332 664 424 753 quod
439 664 582 733 minime
592 684 661 733 non
670 665 828 736 floruisse
842 673 940 736 antea
954 667 1156 756 ephoratum
1165 684 1260 733 com·

182 786 375 876 probaret⁴.
411 790 590 858 Omittatur
609 790 712 859 etiam
740 791 891 861 studium
914 792 1104 861 Cleomenis
1124 810 1193 880 quo
1218 789 1262 857 ad

183 913 339 985 favorem
367 914 477 1005 plebis
505 914 570 983 sibi
597 917 849 986 conciliandum
874 919 985 987 contio
1004 919 1079 987 eius
1107 917 1263 985 instincta

183 1038 297 1107 luerit.
323 1040 551 1129 Phylarchum
574 1047 711 1111 secutus
737 1048 789 1110 est
809 1044 1008 1112 Plutarchus
1033 1062 1171 1111 ornnem
1188 1060 1263 1110 rem

185 1161 390 1233 edisserens.
414 1165 552 1233 Frustra
582 1172 698 1234 autem
727 1166 902 1235 contendit
925 1166 1068 1236 Dnmius
1088 1165 1264 1235 conscium

184 1287 291 1357 luisse
306 1291 497 1359 Cleomenis
513 1292 755 1381 Phylarchum
773 1294 831 1383 qui
856 1301 947 1362 arcta
969 1314 1049 1362 curn
1067 1312 1148 1379 rege
1161 1290 1263 1357 111111-

183 1414 327 1483 liaritate
351 1422 423 1484 erat
446 1417 661 1500 coniunctus,
692 1415 838 1507 ideoque
863 1416 965 1486 famae
999 1418 1034 1483 in
1052 1416 1145 1503 regia
1163 1412 1265 1482 domo

183 1546 328 1629 accepta
347 1542 537 1611 certiorem.
551 1544 600 1612 Ne
614 1542 700 1611 fides
714 1544 904 1631 Phylarcho
920 1544 1121 1612 adhibeatur
1134 1547 1168 1611 et
1177 1560 1260 1630 pro-

183 1667 259 1755 pria
285 1668 359 1735 eius
392 1668 524 1737 indoles
551 1675 584 1738 et
618 1674 804 1738 stoicorum
838 1669 1068 1760 quorumdam
1089 1667 1267 1737 notissima

185 1792 341 1875 consilia,
360 1792 450 1861 inter
469 1813 555 1882 qnos
574 1792 639 1861 11111
657 1790 1009 1881 8111111111111111111.
1036 1792 1174 1860 Veteres
1189 1808 1266 1857 mo-

184 1933 240 1981 res
259 1914 308 1980 illi
323 1934 383 2003 per
398 1916 488 2003 regis
502 1916 732 1984 ministerium
745 1917 936 1984 instaurare
956 1915 1163 1985 nitebantur.
1186 1912 1267 1989 Qnae

186 2057 266 2104 oum
292 2038 452 2105 Dumium
471 2038 612 2107 minime
642 2039 781 2122 lateant,
812 2047 851 2107 ut
873 2039 1044 2107 Plutarchi
1070 2038 1267 2127 opinionem

186 2158 375 2243 confirmet,
398 2160 486 2228 hanc
512 2160 558 2229 ait
575 2161 753 2251 praeoipuae
774 2168 808 2229 et
828 2162 1039 2249 peruulgatae
1058 2160 1158 2229 famae
1177 2159 1266 2244 loce.

186 2284 377 2353 Cleomenis
395 2290 547 2375 tempore
566 2285 716 2355 habitam
735 2305 812 2354 esse
831 2285 874 2353 de
899 2281 1073 2375 ephoris³.

235 2407 307 2475 Hoc
326 2428 388 2475 sua
401 2412 520 2497 sponte
548 2414 698 2498 apparet,
724 2428 787 2477 nec
806 2408 921 2475 miuus
940 2407 1025 2477 illud
1046 2405 1138 2497 quod
1157 2424 1265 2474 uuum

186 2531 400 2619 seponimus:
430 2550 501 2599 non
522 2537 594 2600 erat
617 2532 690 2600 haec
721 2532 814 2599 lama
834 2522 946 2621 prior.
968 2551 1033 2600 nec
1061 2531 1171 2598 ullum
1194 2530 1268 2598 eins

187 2662 265 2725 ante
284 2656 460 2725 Platonem
479 2658 663 2746 uestigium
682 2657 901 2747 dignoscitur.

235 2780 288 2849 Ad
302 2780 388 2850 duas
397 2782 490 2851 enim
500 2782 677 2871 opiniones
696 2783 902 2871 colliguntur
921 2780 1035 2851 omnia
1049 2801 1125 2870 quae
1144 2780 1186 2849 ab
1206 2800 1269 2848 an-

188 2907 291 2994 tiquis
309 2906 352 2974 de
373 2906 538 2995 ephoratu
562 2906 684 2976 tradita
703 2913 795 2975 sunt.
822 2907 938 2975 Altera
961 2925 1088 2973 munus
1112 2902 1210 2988 illud,
1232 2910 1270 2972 ut

189 3029 352 3119 pleraque
370 3031 614 3119 Spartanorum
628 3031 782 3099 instituto
793 3030 937 3119 Lycurgi
950 3030 1039 3099 aetati
1058 3029 1267 3117 adsignatur,

191 3154 296 3224 altera
313 3155 534 3245 Theopompi.

239 3281 329 3358 Quas
352 3281 468 3365 simul,
498 3280 620 3351 eodem
646 3286 772 3371 puncto
800 3281 964 3370 temporis
987 3281 1095 3369 gratia
1119 3280 1269 3349 ualuisse

231 3488 238 3523 ¹
260 3482 315 3542 Ed.
333 3482 440 3559 Meyer,
457 3479 566 3543 Rhein.
583 3480 677 3555 Mus,
698 3478 784 3554 1886,
803 3478 864 3541 nol.
878 3479 928 3553 41,
946 3498 1010 3560 pag.
1029 3478 1178 3541 580-581.

229 3585 242 3624 2
263 3585 350 3658 Quod
364 3588 423 3647 iam
448 3585 549 3666 procul
564 3584 653 3649 dubio
667 3595 720 3647 est.
745 3586 816 3650 Vid.
833 3587 948 3663 Hono„
966 3587 1022 3647 Die
1045 3584 1172 3657 Qnellen
1194 3583 1268 3644 Plu-

190 3694 318 3768 tarchus,
344 3701 413 3769 etc,
439 3712 503 3775 pag.
521 3690 632 3757 7981.
659 3694 706 3754 Ol.
731 3694 929 3767 Sauromace,
945 3693 1018 3772 Agis
1032 3701 1061 3753 et
1076 3692 1264 3764 Cleomenes,

190 3818 256 3881 pag.
274 3798 336 3863 203
351 3818 419 3880 sqq.
446 3799 564 3862 Obiecit
576 3801 636 3861 iam
651 3800 762 3861 Damio
777 3797 868 3860 huius
885 3798 972 3861 tontis
987 3815 1078 3859 usum
1092 3798 1126 3859 ll.
1142 3797 1265 3869 Celtico,

190 3906 221 3966 iu
236 3908 314 3969 Rev.
328 3906 410 3981 hist,
426 3913 499 3969 tou.
514 3908 570 3981 XI,
590 3905 677 3982 1879,
695 3922 761 3986 pag.
781 3904 848 3968 182.

231 4014 390 4089 11111111,
403 4014 536 4077 Entsteh.
550 4013 988 4094 unonntwicktdessporun.
1003 4013 1127 4095 liphne,
1141 4012 1267 4094 pagll.
