3159 5059
799 470 975 537 -roe-

334 632 441 683 »rum
468 609 703 682 condicionem
732 613 841 680 multo
864 611 968 681 etiam
996 610 1282 684 miserabiliorem
1309 621 1418 705 qnam

335 740 470 806 »erato
500 732 717 804 describeret.
749 734 889 819 Verum,
920 739 960 803 ut
986 734 1143 803 omittam
1174 742 1301 826 quanta
1332 738 1418 805 dili*

331 859 445 947 gentia
463 860 628 927 Isocrates
655 876 692 926 se
712 857 828 947 legum
846 857 1148 949 institutorumque
1169 860 1420 950 Spartanorum

330 984 478 1072 peritum
490 1002 565 1051 esse
578 1002 641 1049 nos
656 987 805 1064 moneat,
821 981 887 1050 hoo
901 981 1023 1050 saltem
1037 1002 1056 1049 e
1077 982 1281 1052 testimoniis
1302 984 1416 1054 allatis

330 1106 607 1179 concludendum
626 1115 679 1179 est
693 1106 821 1198 duplici
835 1128 979 1179 munere
994 1107 1129 1179 functos
1156 1128 1234 1181 esse
1264 1112 1417 1201 ephoros

331 1258 410 1310 cum
424 1238 659 1307 auctoritatem
672 1255 770 1305 suam
795 1236 832 1304 in
850 1238 1018 1327 perioecos
1036 1240 1263 1323 exercuerint,
1285 1238 1420 1308 scilicet

331 1362 415 1431 iuris
433 1360 581 1430 dictione
600 1365 634 1430 et
652 1360 790 1430 militari
810 1365 989 1450 potestate.

379 1604 552 1675 Obnoxios
575 1606 625 1675 eis
643 1605 774 1675 helotas
799 1605 907 1676 fuisse
927 1608 986 1675 uix
1006 1604 1219 1676 monendum
1237 1610 1309 1692 est;
1334 1628 1422 1675 nam

331 1730 367 1799 in
393 1729 731 1801 Lacedaemoniorum
751 1731 943 1800 exercitum
961 1732 1070 1800 autin
1089 1731 1236 1801 classem
1254 1751 1424 1820 magnum

235 1888 237 1893 f
330 1873 515 1923 numerum
528 1854 721 1923 belotarum
741 1854 975 1944 conscriptum
990 1874 1067 1924 esse
1080 1855 1421 1946 etaccepimusmul-

329 1978 373 2046 tis
387 1979 592 2047 testimoniis
611 1983 645 2047 et
663 1977 758 2047 domi
778 1979 882 2047 etiam
902 1979 969 2048 hoc
990 1978 1172 2047 hominum
1189 1998 1298 2068 genus
1316 1980 1424 2048 arctis

328 2102 463 2197 iegibus
489 2102 676 2171 coercitum
694 2122 771 2172 esse
789 2103 898 2171 multa
916 2101 1162 2172 demonstrant.
1182 2104 1310 2172 Eorum
1323 2104 1423 2172 enim

329 2226 566 2297 condicionem
582 2226 624 2297 ab
644 2228 795 2317 ephoris,
817 2248 946 2297 munus
963 2229 1231 2318 auspicantibus,
1255 2230 1299 2298 ad
1315 2228 1423 2299 edicti

329 2353 510 2423 cuiusdam
530 2353 715 2422 formulam
736 2352 944 2444 descriptam
968 2374 1044 2425 esse
1060 2354 1242 2444 quotannis
1260 2360 1297 2424 ut
1315 2356 1421 2424 colli-

328 2497 461 2566 gamus
490 2475 597 2547 uerba
614 2476 850 2566 Xenophontis
864 2472 1034 2569 (Hellen,
1046 2477 1104 2560 ΙΙΙ,
1125 2478 1159 2563 3,
1183 2474 1217 2567 8)
1245 2476 1415 2547 efficiunt.

328 2602 544 2687 Quinimmo,
563 2601 592 2669 si
605 2601 785 2670 Plutarcho
799 2600 988 2686 credimus,
1006 2603 1209 2671 sententiam
1221 2603 1419 2673 Aristotelis

327 2722 487 2794 referenti
507 2723 650 2793 forsitan
664 2722 871 2813 edeperdito
886 2732 951 2819 περὶ
968 2728 1123 2796 liobrado
1137 2745 1240 2816 opere
1253 2744 1419 2815 exprom-

327 2852 432 2938 ptam,
454 2848 586 2917 bellum
612 2843 750 2935 publice
778 2845 849 2915 illis
870 2848 912 2917 ab
934 2848 1071 2938 ephoris
1086 2850 1133 2917 ita
1153 2848 1318 2917 indictum
1336 2868 1419 2917 esse

328 2976 480 3061 apparet,
509 2993 552 3041 ne
576 2991 697 3039 eorum
722 2971 835 3039 caedes
851 2972 987 3062 piaculo
1006 2974 1130 3042 esset'.
1154 2972 1342 3063 Vtcumque
1362 2980 1420 3042 est

328 3116 379 3182 ea,
394 3117 471 3187 quae
481 3097 600 3181 fertur,
614 3103 770 3190 κρυπτεία,
788 3117 865 3183 quae
881 3095 924 3165 ad
933 3095 1170 3181 exercendam,
1182 3116 1287 3186 quam
1296 3094 1419 3167 dicum

327 3221 545 3305 recentiores
566 3224 724 3306 politium
739 3222 910 3310 pertinere
927 3219 1077 3312 uidetur,
1094 3220 1161 3288 hoc
1177 3225 1293 3290 tamen
1311 3220 1417 3289 insti-

326 3348 438 3412 tutum
462 3344 503 3412 ab
534 3344 670 3434 ephoris
689 3341 896 3433 pependisse
920 3362 992 3411 non
1017 3349 1070 3412 est
1087 3342 1241 3412 dubium.
1265 3342 1417 3413 Aliunde

326 3474 458 3538 constat
472 3468 514 3538 ab
529 3468 583 3536 his
602 3466 859 3557 magistratibus
873 3469 1053 3558 prouisum
1067 3488 1144 3537 esse
1157 3472 1196 3535 nt
1210 3467 1285 3537 sine
1299 3488 1412 3553 mora,

326 3594 453 3663 omissa
471 3594 588 3683 legum
608 3593 752 3684 ratione,
775 3592 805 3661 si
831 3591 916 3681 quid
939 3594 1016 3682 quis
1035 3593 1122 3662 inter
1141 3593 1281 3662 Helotas
1297 3594 1416 3662 moliri

324 3718 500 3789 uideretur
527 3724 645 3788 contra
679 3737 754 3786 rem
786 3716 972 3806 publicam,
1009 3717 1166 3786 celeriter
1198 3723 1418 3788 coerceretur

196 3924 199 3930 ,
325 3850 383 3927 aut
401 3844 552 3914 emedio
571 3845 765 3914 tolleretur.
784 3841 898 3911 Vitam
916 3842 1002 3933 quin
1020 3842 1125 3911 etiam
1147 3843 1306 3912 nonnulli
1323 3843 1417 3911 ami-

364 4092 373 4130 ¹
395 4086 490 4160 Ptol,
508 4085 593 4165 hys,
609 4086 665 4163 283
686 4088 735 4153 Ol.
752 4090 848 4168 Plot,
869 4090 965 4170 hep.⁴
975 4088 1002 4167 1,
1019 4106 1084 4169 pag.
1101 4088 1171 4152 633.
