3159 5059
593 468 750 529 ..57-

137 614 322 697 posteaque
341 603 556 697 Xenophon*
578 612 612 675 ct
630 606 831 677 Plutarchus
846 603 859 639 ²
879 606 1000 676 eadem
1015 604 1088 677 foro
1110 606 1216 676 uerba

135 739 303 823 usurpant
321 741 359 802 ut
373 739 500 802 statum
510 734 637 822 Spartae
650 732 857 816 describant,
871 734 981 823 qualis
995 740 1072 803 anto
1084 735 1215 822 Lycur-

90 832 91 837 *
137 878 221 945 gum
240 862 356 925 enatet
370 855 554 945 qualissuit
568 856 604 923 in
621 862 797 945 posterum
806 856 967 945 lycurgea
975 856 1216 925 constitutione

137 987 301 1051 mutatus.
326 982 440 1051 Veteri
458 989 562 1075 ἀνομίᾳ
586 1002 714 1051 nouam
732 985 862 1077 ιύνομίαν
880 988 1056 1072 opponunt
1079 1001 1212 1063 omnes,

138 1112 340 1195 perpetuam
353 1105 481 1174 famam
496 1104 613 1177 uerbis
629 1107 724 1195 quasi
739 1106 911 1195 conceptis
920 1105 1104 1175 tradentes.
1117 1103 1212 1173 Adde

137 1230 230 1320 quod
249 1232 286 1297 in
299 1231 435 1300 ciuitate
460 1231 659 1319 lycurgeam
677 1232 766 1299 hano
784 1231 931 1299 formam
949 1252 1010 1319 per
1029 1230 1136 1298 multa
1150 1249 1216 1297 sae-

137 1355 214 1423 cula
234 1361 405 1423 seruatam
424 1376 500 1424 esse
514 1356 672 1424 nonnulli
692 1356 876 1446 scriptores
890 1355 1100 1426 contendunt
1113 1352 1138 1421 ³.

186 1479 286 1547 Illam
306 1499 390 1549 uero
406 1486 552 1563 constat,
571 1487 608 1548 ut
623 1479 843 1569 optimatibus
861 1480 1051 1569 prodesset,
1073 1478 1216 1547 infracta

136 1622 260 1691 regum
288 1606 450 1693 potentia,
478 1605 703 1692 compositam
727 1623 814 1673 esse.
853 1605 936 1672 Cum
966 1602 1156 1672 Aristotelis
1184 1609 1219 1670 et

137 1728 309 1797 Plutarchi
327 1729 412 1797 locis
426 1727 469 1797 de
484 1728 631 1797 Charilai
646 1726 827 1816 tyrannide
844 1729 929 1797 mire
947 1729 1103 1817 congruit
1112 1721 1215 1797 Hera·

137 1856 245 1925 clides
274 1856 433 1925 Ponticus
453 1855 600 1925 eundem
619 1870 791 1950 ropauraog
812 1876 973 1943 regnasse
1001 1855 1173 1924 affirmans
1188 1853 1212 1923 ⁴.

137 1982 264 2050 Cuncta
284 1981 431 2072 denique
446 1981 592 2070 uestigia
612 2004 687 2072 quae
707 1980 750 2051 de
770 1982 835 2051 hac
852 2002 969 2051 rerum
992 1983 1216 2051 conuersione

137 2106 353 2195 reperiuntur
382 2106 504 2177 eodem
525 2090 661 2176 'ducunt
687 2129 693 2173 :
716 2107 819 2195 regiae
847 2108 1003 2195 potestati
1038 2106 1213 2189 successit,

137 2250 198 2318 pro
224 2230 373 2298 maxima
392 2237 499 2320 parte,
526 2232 652 2319 Spartae
671 2236 709 2298 ut
733 2232 848 2299 Romae
868 2237 901 2300 et
918 2232 1059 2301 Athenis
1087 2251 1216 2320 pauco-

137 2376 215 2424 rum
237 2356 421 2425 dominatio
449 2376 556 2446 penes
576 2376 661 2446 quos
677 2362 710 2423 et
724 2356 798 2425 iura
816 2362 850 2426 et
867 2357 1055 2425 fundorum
1076 2376 1216 2445 posses-

138 2481 254 2551 siones
274 2460 380 2551 erant.
524 2488 526 2495 ’

187 2604 253 2674 Sed
273 2605 393 2677 dixerit
412 2609 553 2679 forsitan
572 2612 694 2703 aliquis
713 2636 720 2681 :
743 2613 782 2679 In
801 2612 865 2679 heo
878 2608 1119 2678 constitutione
1139 2608 1215 2697 quis

137 2728 237 2798 locus
264 2735 315 2800 est
330 2732 467 2820 ephoris
489 2734 531 2803 de
553 2735 676 2824 quihus
695 2741 840 2818 taceant,
857 2739 979 2823 praeter
1006 2732 1215 2801 Herodotum

135 2852 479 2947 Xenophontemque,
497 2865 631 2929 ueteres
656 2860 851 2949 scriptores,
869 2858 935 2925 illac
951 2878 1026 2946 quae
1044 2857 1214 2945 lycurgeae

135 2983 300 3045 uocantur
325 2984 455 3066 rhctrae,
473 2987 506 3050 et
519 2981 672 3071 Tyrtaeus
691 2982 817 3071 ipsein
835 2979 988 3050 carmine
1012 2979 1067 3048 oui
1085 2998 1213 3047 nomen

133 3104 263 3197 Εὐνομία
279 3098 318 3169 ⁵?
336 3103 512 3180 Quomodo
532 3105 573 3176 de
593 3113 750 3176 ueterum
767 3105 972 3175 testimoniis
994 3110 1071 3194 post
1097 3104 1214 3172 Xeno-

175 3268 184 3303 ¹
205 3264 352 3345 Xenopt„
370 3266 416 3327 De
430 3266 475 3329 Re
490 3266 569 3346 publ.
588 3266 768 3343 becedam,
786 3267 815 3330 5.

173 3367 186 3405 ²
205 3372 301 3446 Prot,
320 3374 406 3452 Lyn,
424 3371 453 3447 2,
471 3372 500 3434 5.
962 3396 967 3404 ·
1289 3450 1292 3456 ¹

173 3476 185 3515 ³
207 3480 313 3554 Iacca,
330 3481 376 3542 De
392 3482 480 3555 Pace,
497 3480 549 3544 95.
569 3482 665 3556 Plut,
683 3482 770 3562 Lyn,
787 3480 837 3544 29.
864 3481 913 3545 Oi.
930 3480 966 3544 de
981 3480 1112 3543 fontibus
1135 3479 1211 3541 Plu·

131 3585 224 3648 tarchi
240 3587 370 3649 adhunc
386 3586 497 3651 locum.
522 3590 655 3669 Ftucpel,
672 3592 728 3652 Die
744 3589 874 3662 Quelten
888 3592 920 3651 in
937 3588 1093 3652 Plutarohs
1115 3610 1129 3647 r
1150 3590 1213 3668 Ly-

131 3691 277 3774 norges».
296 3694 446 3777 Morburg,
467 3695 555 3758 1870.
1290 3689 1295 3701 '

172 3803 254 3865 Usus
268 3811 312 3866 est
322 3804 441 3886 Ephoro
453 3804 641 3880 Plutarchus,
654 3823 743 3885 quem
757 3822 860 3869 reuera
876 3823 935 3869 non
946 3807 1044 3886 ipsum
1055 3804 1211 3884 excerpsit.

131 3910 179 3973 Gt.
197 3912 306 3991 Meyer,
323 3912 380 3975 loo.
398 3914 446 3974 cit.
463 3931 543 3993 sup,
560 3912 593 3974 ad
610 3932 675 3994 pag.
688 3912 738 3975 18.

171 4016 182 4055 ⁴
203 4020 322 4083 Heroct.
339 4020 468 4094 Pontio,
495 4022 529 4081 tr.
547 4021 592 4083 ed.
611 4020 712 4097 Didot,
730 4030 801 4084 tom.
819 4022 861 4096 II,
879 4038 943 4101 pag.
961 4019 1031 4082 210.

170 4131 181 4167 ⁸
202 4127 300 4205 Pica,
318 4130 405 4209 Lyn,
422 4128 451 4191 6.
1108 4210 1121 4259 t
