3159 5059
786 471 945 533 -.40-

331 618 447 681 contra
465 614 648 699 coegerunt
671 629 782 678 causae
797 612 866 679 iam
888 631 992 700 supra
1010 612 1149 700 prolata
1162 609 1186 677 ¹.
1213 612 1409 701 Nunquam,

331 744 458 821 autem,
479 740 627 821 ueteres,
655 736 722 804 nisi
742 756 820 805 sera
838 742 949 820 aetate,
976 738 1124 825 ephoros
1143 738 1350 806 uicariorum
1379 746 1415 806 et

331 864 428 954 quasi
445 885 462 927 ‹<
480 862 648 929 maiorum
661 861 776 949 palatii
790 884 807 926 a
823 882 950 930 munus
964 882 984 929 a
998 862 1137 950 regibus
1157 863 1310 931 tenuisse
1325 862 1410 929 indi-

331 993 506 1059 cauerunt.

378 1118 454 1184 Non
468 1115 561 1199 satiS,
579 1117 753 1203 praeterea,
772 1111 802 1179 si
820 1110 885 1179 hac
899 1112 1066 1181 sententia
1080 1117 1222 1197 stamus,
1236 1112 1409 1201 intellegi-

330 1248 385 1310 tur
404 1260 464 1309 our
483 1258 573 1327 saepe
594 1236 725 1325 ephori,
747 1235 906 1304 mandato
925 1236 1072 1304 ciuitatis
1089 1235 1283 1324 fungentes
1309 1258 1352 1306 ne
1373 1238 1409 1304 in

331 1366 424 1455 regia
438 1364 539 1432 domo
554 1361 713 1431 deficeret
726 1362 840 1449 proles
855 1361 1019 1443 cauerint,
1037 1366 1071 1429 et
1084 1381 1223 1429 omnem
1236 1358 1409 1449 regiarum

330 1487 537 1556 familiarum
565 1482 796 1571 disciplinam,
819 1504 896 1572 quae
924 1481 1062 1571 quidem
1086 1484 1270 1573 pertineret
1288 1483 1331 1553 ad
1359 1486 1409 1552 rei

330 1611 475 1702 publicae
498 1608 691 1692 commoda,
717 1608 879 1677 rexerint.
903 1607 1004 1676 Haud
1027 1609 1227 1698 ambiguum
1247 1610 1290 1679 de
1308 1630 1349 1679 ea
1372 1632 1410 1679 re

331 1733 494 1804 Herodoti
511 1732 747 1801 testimonium
766 1737 830 1814 est,
850 1731 933 1800 dum
952 1730 995 1801 de
1014 1731 1253 1801 Anaxandrida
1266 1734 1409 1823 aliisque

212 1899 214 1903 .
330 1857 469 1947 regibus
497 1856 632 1925 disserit
650 1856 709 1945 qui
733 1861 873 1928 centum
892 1856 1026 1925 circiter
1050 1857 1149 1925 annis
1167 1856 1258 1925 holla
1276 1858 1410 1926 Persica

330 1979 571 2074 praeiuerunt‘2.
589 1980 728 2050 Publice
752 1980 843 2070 apud
866 2001 946 2049 eum
968 1981 1087 2051 iubent
1115 1982 1234 2071 ephori
1254 1989 1299 2066 et,
1321 1984 1408 2051 ciui-

330 2111 407 2179 tatis
424 2109 574 2191 nomine‚
598 2106 783 2178 deliberata
806 2128 843 2176 re
862 2128 942 2175 cum
961 2107 1126 2199 patribus,
1145 2109 1283 2197 regibus
1297 2111 1408 2200 impe-

330 2239 417 2318 rant,
435 2240 493 2303 aut
511 2237 614 2303 testes
629 2231 849 2302 adhibentur.
868 2232 965 2310 Quod
979 2232 1121 2321 quidem
1134 2254 1262 2303 munus
1282 2240 1341 2304 aut
1359 2237 1408 2304 si·

330 2359 411 2427 mile
438 2378 559 2447 regum
589 2357 753 2424 ministris
786 2358 871 2426 alias
899 2357 1098 2425 attributum
1126 2380 1202 2428 esse
1231 2361 1405 2429 nouimus.

329 2483 460 2573 Ubique
474 2502 557 2551 uero
572 2502 591 2549 a
603 2482 696 2569 regia
709 2480 840 2548 familia
854 2481 929 2569 ipsa
943 2480 1030 2548 illud
1045 2480 1243 2571 adsignatur
1257 2507 1265 2568 3
1283 2482 1409 2573 Spartae

330 2607 447 2697 populi
461 2613 664 2696 patrumque
682 2605 780 2673 iussu
799 2604 1000 2674 mandatum
1013 2626 1116 2675 suum
1136 2589 1412 2696 exsequebantur

330 2731 462 2822 ephori,
479 2752 523 2800 ne
542 2731 636 2819 regia
657 2731 771 2821 stirps,
795 2752 933 2820 quama
951 2733 1094 2801 numine
1116 2733 1190 2822 ipso
1211 2732 1412 2811 deriuahant

331 2858 388 2923 aut
405 2854 689 2943 exstingueretur,
707 2858 765 2921 aut
778 2854 953 2942 supposita
966 2854 1062 2944 prole
1090 2864 1369 2946 corrumperetur
1380 2858 1407 2929 ³.

379 2981 422 3048 At
439 2999 510 3048 non
527 2983 659 3047 tantum
678 2998 798 3067 regum
817 2979 925 3047 uitam
938 2981 1118 3069 priuatam,
1139 2982 1207 3049 iam
1229 2990 1306 3053 ante
1319 2983 1411 3054 bella

331 3106 476 3191 Persica,
494 3105 630 3195 ephoris
650 3104 832 3173 obnoxiam
851 3104 957 3173 fuisse
977 3106 1166 3175 Cleomenis
1181 3108 1194 3174 Ι
1210 3111 1411 3199 exemplum

331 3250 394 3298 nos
414 3228 524 3312 docet,
547 3228 618 3317 qui,
636 3228 786 3296 exercitu
811 3228 954 3295 domum
972 3228 1127 3312 reducto,
1145 3230 1187 3298 ab
1203 3229 1410 3303 aduersariis

333 3353 376 3421 ad
392 3354 538 3443 ephoros
558 3359 736 3421 accusatus
756 3351 924 3443 estquod
946 3351 1045 3423 donis
1072 3361 1265 3446 corruptus,
1286 3358 1410 3429 urbem

112 3560 117 3571 ¹
249 3472 251 3476 ⁴
331 3481 453 3569 Argos,
470 3501 574 3569 quam
592 3500 787 3569 expugnare
805 3481 984 3569 potuisset,
1006 3501 1075 3550 non
1089 3479 1272 3572 cepissem.

375 3764 381 3795 ¹
407 3758 455 3819 Ol.
473 3774 550 3836 sup,
568 3776 633 3837 pag.
652 3758 681 3830 3,
696 3753 731 3815 ad
748 3763 808 3817 not.
832 3756 857 3817 l.

279 3936 286 3949 ‚
373 3874 383 3905 ¹
405 3864 474 3929 Vid.
494 3882 574 3945 sup,
592 3884 657 3945 pag.
676 3864 721 3927 18.

373 3976 385 4009 ³
408 3971 476 4034 Vid.
494 3988 573 4050 sup,
590 3989 655 4051 pag.
675 3970 782 4032 18-19.
811 3970 859 4030 of.
877 3970 974 4045 Plan,
988 3971 1146 4046 Alcibiad,
1159 3991 1227 4053 pag.
1250 3975 1301 4036 121
1324 3976 1362 4038 0.

373 4084 383 4117 ⁴
406 4080 527 4153 Herod,
544 4080 599 4153 VI,
617 4078 665 4140 82.
