3159 5059
614 462 655 476 ..
675 427 713 491 35
734 462 773 474 ..

155 583 227 651 que
250 566 314 634 soli
335 586 415 635 eum
433 568 572 657 regibus
593 567 684 636 edita
708 567 869 635 uaticinia
890 564 1150 656 cognoscebant.
1173 566 1238 633 Diu

156 688 223 757 fuit
232 693 425 761 eommunis
439 695 568 763 ciuitati
587 703 621 764 et
638 694 776 783 regibus
790 701 956 784 patronus
968 693 1090 782 Apollo
1099 690 1124 759 ¹.
1135 691 1238 759 Cuius

157 818 256 884 iussu
271 822 448 906 spartanas
466 821 561 908 leges
580 821 662 889 olim
677 820 831 890 conditas
848 821 1000 908 Tyr-tatus
1017 814 1100 885 ait².

207 943 312 1011 Multo
326 944 430 1033 igitur
436 950 514 1014 ante
522 944 684 1015 Herodoti
695 951 728 1015 et
738 946 914 1014 Pausaniae
928 944 1077 1034 spartani
1084 948 1239 1033 tempora

157 1074 193 1137 et
211 1090 332 1157 regum
351 1070 495 1161 imperio
514 1072 642 1141 lauisse
665 1073 821 1161 Pythiam
839 1078 874 1141 et
892 1073 928 1139 in
952 1069 1091 1141 laudem
1117 1090 1239 1160 regum

157 1195 321 1263 uaticinia
334 1198 451 1265 emnia
464 1218 540 1267 esse
558 1217 725 1267 conuersa
738 1196 1013 1265 concludendum
1026 1203 1089 1265 est.

208 1320 257 1387 Hx
272 1342 339 1410 quo
351 1320 499 1413 denique
514 1324 720 1412 intellegitur
730 1344 790 1392 cur
799 1323 938 1391 omnino
946 1323 1069 1391 sileant
1076 1320 1119 1391 de
1134 1322 1237 1411 ephe·

156 1449 205 1515 ris
220 1452 254 1517 el
273 1450 424 1516 carmina
443 1450 484 1518 ab
504 1450 678 1520 Herodoto
696 1452 839 1540 aliisque
854 1450 970 1532 relata,
989 1456 1023 1518 et
1035 1454 1239 1537 rtetraequae

157 1576 302 1663 carptim
322 1578 521 1666 errantique
545 1576 803 1646 consuetudinis
817 1578 891 1644 iure
911 1576 1064 1665 reliquiae
1090 1576 1239 1644 collectae

156 1718 281 1787 parum
300 1700 344 1767 ed
363 1700 543 1769 enodanda
561 1702 804 1789 spadanorum
822 1700 975 1767 instituta
993 1698 1184 1788 proliciunt.

206 1825 419 1910 Hiscollatis‚
438 1848 513 1917 quea
524 1827 566 1894 de
581 1827 717 1915 ephoris
728 1826 769 1894 ab
780 1826 950 1894 Herodoto
966 1832 1000 1893 et
1012 1825 1238 1915 Xenophonte

157 1949 281 2019 tradita
297 1957 376 2018 sunt
391 1952 543 2040 accipere
558 1952 649 2035 lieet,
668 1951 751 2019 dum
772 1970 814 2019 ea
828 1971 905 2039 quaa
923 1971 993 2018 non
1010 1950 1075 2017 nisi
1096 1949 1239 2038 apluri-

19 2084 36 2103 ’
158 2071 223 2139 bus
238 2072 419 2140 hominum
429 2072 584 2141 aetatibus
598 2073 742 2162 proferri
755 2078 953 2163 potuerunt,
966 2092 1037 2140 non
1049 2072 1109 2139 uni
1124 2072 1239 2161 legum

160 2195 328 2265 conditori
347 2198 551 2266 tribuamus,
576 2196 664 2275 Quid
682 2198 774 2266 enim
792 2204 909 2266 nostra
928 2198 1068 2266 interest
1086 2198 1240 2285 Lycurgo

160 2320 225 2409 ipsi
245 2320 425 2408 adsignare
445 2320 598 2390 instituta
615 2342 692 2409 quae
707 2321 742 2387 in
756 2342 864 2388 unum
883 2320 1112 2409 eumdemque
1126 2320 1240 2387 uirum

161 2444 253 2533 apud
271 2451 386 2513 uteres
406 2446 532 2533 uulgus
551 2464 735 2533 congerere
759 2444 915 2513 solebat?
933 2446 1009 2513 Non
1036 2444 1132 2512 aliter
1150 2442 1241 2532 apud

161 2571 334 2637 Romanos
347 2569 504 2651 Romulo,
522 2570 642 2637 Numen
652 2569 818 2658 Pompilio
833 2568 975 2659 aliisque
983 2565 1152 2657 adscripta
1162 2570 1243 2634 sunt

163 2714 240 2782 quae
255 2693 347 2762 lento
367 2693 507 2762 demum
522 2712 658 2761 morum
677 2714 859 2782 progressu
873 2692 1080 2761 recentiores
1094 2690 1242 2779 antiqui-

163 2818 241 2886 tatis
251 2818 453 2905 interpretes
462 2818 619 2885 inchoata
633 2824 666 2887 et
678 2816 826 2887 stabilita
833 2838 909 2888 esse
917 2817 1103 2886 euicerunt.
1122 2817 1242 2885 Nonne

164 2942 375 3033 perhibetur,
398 2943 545 3033 exempli
565 2945 683 3032 gratia,
704 2963 926 3014 nummomm
948 2950 1186 3033 argenteorum
1209 2947 1244 3010 et

166 3088 350 3137 aureorum
366 3068 522 3157 Spartaea
535 3068 690 3157 Lycurgo
704 3088 788 3137 usus
802 3069 959 3158 probitus
968 3089 1056 3153 esse,
1070 3089 1149 3137 cum
1163 3088 1241 3137 eon·

166 3197 232 3261 stet
239 3191 356 3259 multis
368 3196 445 3280 post
458 3191 611 3280 Lycurgo
627 3192 724 3259 annis
734 3211 894 3261 nummos
907 3191 986 3261 cudi
1000 3197 1129 3281 coeptos
1144 3199 1244 3263 esse?

217 3315 306 3384 Illud
330 3315 434 3404 igitur
451 3334 470 3384 e
487 3314 603 3384 uerbis
622 3315 783 3385 Herodoti
797 3316 1098 3408 Xenophontisque
1111 3324 1243 3387 tantum

168 3442 379 3512 coniciamus
397 3461 459 3532 per
478 3442 634 3532 quintum
657 3442 822 3510 saeeulum
848 3462 870 3509 a
887 3442 1058 3532 Speutanis
1077 3463 1243 3514 conuersa

209 3710 218 3749 ⁴
242 3712 280 3773 Ε.
297 3712 434 3783 Curtios,
459 3710 592 3773 Histoire
606 3726 731 3790 greeque
756 3710 896 3789 [translat.
918 3709 1143 3789 trunco-gallic,
1163 3719 1240 3773 auct.

166 3816 454 3897 nocentiorem),
466 3826 537 3879 tom.
549 3819 649 3897 I‚pag.
662 3815 732 3880 263.
744 3818 991 3892 Ol.Herod.‚VI,
1003 3816 1107 3878 {vl-dl.
1120 3818 1244 3889 Quoties

165 3933 227 3987 erat
241 3942 320 3987 nova
337 3923 418 3998 luna,
434 3923 634 3985 sacrificabant
648 3922 709 3984 bini
724 3941 807 4005 reges
820 3926 850 3986 iu
866 3923 976 4003 templo
991 3923 1152 4005 Apollinis.

207 4030 219 4067 ²
247 4032 396 4110 Tyrtaeus,
412 4048 458 4110 ap.
475 4031 572 4105 Plut,
588 4030 675 4109 Lye,
693 4028 722 4090 6.
