3159 5059
779 440 939 507 ..96-

315 590 419 666 ὅευτὰς
447 590 512 667 τοὺς
538 584 692 680 ἐχθρούς»
715 579 846 676 (Arist,
873 585 943 653 Pol.
951 638 961 668 ‚
982 584 1025 667 ΙΙ,
1048 584 1083 667 6,
1106 582 1164 652 20.
1192 583 1310 666 law,
1335 583 1397 669 25,

317 713 422 781 Bekk.
444 710 555 803 mai).

364 841 437 909 lam
461 840 524 908 sub
545 840 655 928 quarti
675 840 789 909 saeouli
804 860 835 908 a.
852 840 910 909 Ch.
929 861 965 908 n.
987 839 1178 926 exordium,
1199 824 1333 909 tantum
1354 838 1398 907 de

317 966 411 1055 regio
430 964 573 1055 imperio
598 963 785 1035 detractum
807 970 880 1034 erat
897 964 940 1034 ab
963 965 1102 1056 ephoris
1120 971 1169 1048 ut,
1199 965 1255 1034 his
1279 969 1398 1032 auctu·

317 1091 425 1175 ribus,
456 1090 659 1180 plerumque
678 1111 739 1159 rex
762 1091 936 1177 exercitui,
948 1096 1203 1181 praeponeretur
1225 1095 1400 1159 eteorum

292 1204 418 1284 'iussu
444 1216 560 1304 copias
587 1214 729 1284 domum
753 1217 942 1285 reduceret.
970 1217 1025 1284 Sic
1052 1236 1140 1285 anno
1167 1216 1233 1285 391
1260 1216 1401 1304 ephoris

321 1340 517 1431 populoque
540 1339 667 1425 uisum,
691 1339 820 1408 loedere
845 1361 926 1409 cum
948 1340 1084 1428 Argiuis
1111 1347 1223 1431 pacto,
1257 1338 1400 1429 expedi-

320 1468 450 1534 tionem
469 1466 643 1554 suscipere
664 1464 829 1535 adversus
843 1467 1037 1535 Acarnanas
1052 1466 1316 1555 Agesilaumque
1330 1450 1400 1532 mi·

321 1592 438 1660 litibus
473 1590 601 1682 praefici
618 1586 641 1657 ¹.
671 1592 743 1660 Nec
768 1612 904 1681 semper
931 1592 1050 1681 populi
1084 1593 1212 1660 mentio
1240 1591 1296 1673 fit,·‘
1319 1611 1400 1659 oum

324 1715 533 1806 Xenophon,
568 1721 606 1783 ut
638 1736 712 1784 rem
745 1716 911 1806 exemplis
943 1716 1148 1806 probemus,
1184 1717 1226 1784 ab
1261 1717 1399 1806 ephoris

228 1872 230 1876 v
323 1838 577 1908 Cleombrotum
596 1838 762 1908 emissum
782 1859 858 1908 esse
876 1837 1019 1909 narret²
1039 1846 1074 1909 et
1100 1841 1298 1929 Agesilaum
1316 1840 1398 1908 Plu·

322 1966 460 2035 tarchus
486 1986 506 2034 a
539 1966 620 2034 solis
652 1966 790 2056 ephoris
822 1973 1021 2036 reuocatum
1051 1968 1166 2036 statim
1197 1966 1330 2036 redisse
1362 1972 1401 2035 ut
1465 2008 1472 2015 ·

317 2092 452 2181 legibus
470 2097 604 2181 pareret
621 2088 646 2158 ⁸.

369 2218 423 2286 Sic
443 2238 463 2285 a
482 2215 593 2285 delata
615 2216 680 2285 sibi
694 2216 898 2286 bellicorum
918 2223 1142 2307 apparatuum
1165 2237 1258 2299 cura,
1281 2216 1402 2305 ephori

322 2343 365 2411 ad
380 2364 416 2411 se
430 2347 606 2411 traxerunt
621 2362 722 2411 omne
736 2342 818 2410 belli
831 2342 997 2412 inferendi
1008 2349 1042 2411 et
1055 2342 1197 2430 regendi
1207 2342 1397 2410 arbitrium.

322 2469 406 2535 Cum
420 2467 546 2556 Spartae
571 2469 686 2536 omnia
704 2468 836 2537 bellum
855 2474 1058 2558 spectarent,
1084 2467 1177 2535 haud
1205 2467 1332 2535 mirum
1350 2472 1404 2536 est

325 2613 385 2661 eos
409 2593 466 2682 qui
486 2594 655 2661 exercitus
674 2591 836 2661 dilectum
855 2599 889 2662 et
909 2599 1028 2683 postea
1047 2593 1200 2681 regimen
1219 2592 1400 2674 haberent,
1432 2574 1435 2576 “

325 2719 512 2810 discipline
531 2740 668 2810 quoque
687 2718 865 2809 praeluisse
889 2740 957 2809 qua
975 2720 1215 2788 informaretur
1233 2718 1405 2786 exercitus

325 2853 359 2918 et
373 2850 583 2935 compararet
602 2846 723 2914 ciuitas
732 2844 836 2915 robur
851 2866 963 2914 suum.
984 2846 1039 2915 Sic
1054 2867 1073 2914 a
1088 2844 1249 2913 mandata
1265 2844 1405 2933 ephoris

326 2994 407 3042 cura
434 2971 606 3041 iudicandi
629 2970 672 3041 de
697 2970 844 3039 fortunis
868 2972 996 3039 ciuium
1017 2977 1052 3041 et
1073 2969 1115 3039 de
1142 2969 1246 3038 rebus
1269 2968 1405 3049 bellicis

326 3097 603 3188 proficiscebatur
632 3118 672 3167 ea
695 3098 876 3166 auotoritas
901 3117 1005 3186 quam
1033 3098 1083 3164 illi
1103 3098 1139 3164 in
1163 3116 1284 3166 omnes
1308 3098 1405 3167 ciues

219 3246 222 3251 ·
327 3225 540 3296 exercebant.
554 3224 620 3293 Diu
635 3226 727 3294 enim
740 3225 924 3313 Lycurgeae
937 3224 1187 3295 constitutionis
1201 3224 1357 3294 uindices
1371 3233 1406 3296 et

330 3361 486 3425 ueterum
515 3373 651 3423 morum
681 3351 840 3422 custodes
867 3373 904 3421 se
932 3352 1147 3443 prebuerant
1172 3358 1211 3421 ut
1238 3332 1406 3441 integram

373 3618 381 3657 ⁴
405 3621 552 3699 Xenoph„
570 3618 699 3693 Hellen,
715 3619 773 3693 IV,
790 3616 820 3690 6,
835 3614 863 3679 3.

373 3728 467 3803 Ἦ,
483 3729 568 3802 ibid„
584 3727 626 3800 V,
643 3724 672 3798 4,
690 3724 738 3788 14.

369 3838 498 3913 ³Ptut.,
530 3834 657 3917 Agesll„
685 3833 731 3896 15.
743 3841 861 3896 καλοῦσιν
879 3842 967 3897 ἐκεῖνον
983 3835 1264 3917 ἴφροικαίκελώουσι
1283 3845 1409 3905 τοῖςοίηοὶ

334 3957 442 4033 βοηθεῖν.
470 3946 518 4007 (ll.
538 3948 568 4007 in
587 3944 737 4027 Apophth.
756 3942 851 4005 lacon.
878 3941 1013 4023 (Agesill
1037 3941 1137 4004 literas
1160 3942 1196 4003 ad
1220 3942 1357 4024 llphoros
1371 3945 1406 4009 ab

331 4057 471 4141 Agesilao
485 4054 600 4117 misas.
1087 4041 1089 4044 ’
1279 4055 1283 4065 ’
