3159 5059
756 552 935 614 -lll-

305 697 379 762 cato
395 713 514 762 rursus
529 700 662 776 senatu,
685 694 731 761 ite
750 692 874 761 diuites
890 691 985 760 ciues
1005 690 1134 760 ambitu
1150 691 1334 760 ualuerunt
1346 697 1384 759 ut

304 834 381 884 cam
397 821 512 904 patres
527 814 770 906 antiquarent‘.
789 817 916 885 Rerum
926 814 1140 904 publicarum
1158 814 1384 883 conuersione

305 961 391 1030 opus
411 948 481 1011 erat
501 947 539 1013 ut
558 942 738 1033 optimates
765 947 799 1011 et
821 962 940 1029 regem
959 938 1145 1008 Leonidam
1166 938 1226 1028 qui
1250 938 1387 1007 fauebat

304 1066 354 1134 eis
382 1065 464 1155 Agis
496 1065 660 1135 uinceret.
690 1066 787 1134 Hanc
815 1065 917 1154 igitur
935 1084 1041 1132 ausus
1064 1070 1117 1133 est
1143 1068 1189 1147 et,
1220 1064 1387 1132 concitata

305 1190 484 1274 seditione,
515 1190 653 1280 ephoris
673 1189 715 1259 de
736 1190 822 1258 solio
843 1189 1011 1279 depulsis,
1034 1209 1157 1271 noum,
1180 1186 1274 1278 quod
1292 1188 1386 1256 inso-

303 1314 401 1383 litum
431 1318 521 1403 erat,
552 1334 595 1383 ex
623 1312 743 1383 amicis
772 1312 844 1381 suis
870 1312 944 1401 ipse
970 1308 1109 1400 elegit².
1140 1310 1237 1389 Quod
1267 1330 1386 1377 rursus

304 1421 423 1529 postea
436 1438 565 1507 factum
583 1443 634 1507 θεῖ
648 1438 690 1506 ab
706 1434 781 1507 eo⁸.
803 1438 889 1506 Satis
903 1441 1117 1526 compertum
1137 1442 1190 1505 est
1207 1454 1311 1525 quam
1329 1452 1386 1503 res

305 1561 336 1630 ei
356 1562 444 1630 male
460 1562 611 1631 cesserit.
634 1562 732 1645 Nam,
756 1581 836 1628 cum
855 1557 1009 1650 proditus
1024 1565 1125 1644 esset,
1149 1558 1192 1627 ad
1212 1566 1381 1642 senatum,

305 1686 465 1756 facinoris
493 1688 681 1771 conscium,
704 1686 837 1756 delatus
863 1689 915 1754 est
935 1689 969 1753 et
989 1685 1099 1774 capite
1122 1686 1185 1753 luit
1212 1686 1386 1773 inceptum

293 1834 420 1904 suum.
1399 1802 1402 1807 ’

356 1938 454 2017 Quod
481 1959 561 2007 cum
582 1957 746 2028 peragere
767 1938 878 2007 uoluit
905 1938 1104 2005 Cleomenes
1126 1936 1184 2020 lll,
1208 1956 1295 2003 anno
1316 1934 1385 2002 225

305 2059 335 2132 a.
355 2063 413 2131 Ch.
432 2084 484 2148 n.,
514 2063 686 2154 perspexit
719 2063 867 2152 ephoros
901 2062 937 2127 in
975 2060 1095 2149 primis
1129 2059 1280 2128 consiliis
1315 2059 1388 2127 suis

306 2188 547 2259 aduersaturos
562 2208 637 2257 esse
654 2193 699 2271 et,
713 2188 778 2255 nisi
790 2188 989 2255 tollerentur
1003 2187 1039 2269 ii,
1057 2184 1264 2274 reipublicae
1278 2188 1387 2251 muta-

305 2314 434 2382 tionem
448 2313 544 2382 nullo
563 2317 661 2402 pacto
675 2332 776 2401 posse
794 2311 881 2379 fieri.
909 2310 1124 2399 Interemptis
1146 2309 1249 2396 igitur
1263 2309 1386 2396 magis·

305 2436 461 2523 tratione,
490 2442 524 2506 et
552 2437 722 2523 octoginta
747 2436 880 2503 circiter
904 2433 1037 2501 ciuibus
1062 2435 1290 2522 eprimorum
1313 2432 1386 2501 fac-

306 2564 399 2631 tione
415 2562 451 2631 in
463 2562 622 2632 exsilium
633 2561 728 2629 actis.
741 2566 914 2629 uetustam
929 2558 1075 2627 ciuitatis
1091 2558 1238 2626 formam
1248 2564 1282 2627 et
1296 2558 1387 2626 anti-

307 2708 414 2775 quum
443 2686 496 2754 ius
520 2685 699 2755 restituere
728 2690 871 2753 conatus
898 2690 962 2753 est.
986 2684 1103 2772 Ipsum
1122 2688 1237 2751 eutem
1260 2703 1388 2751 munus

308 2812 447 2879 sustulit
461 2809 552 2900 quod
566 2810 608 2878 ab
623 2809 793 2897 Antigono
812 2809 974 2889 Dosonte‚
992 2812 1069 2896 post
1083 2807 1239 2895 praelium
1256 2806 1299 2875 ad
1318 2808 1387 2875 Sel·

306 2937 428 3007 lasiam
438 2936 675 3018 commissum,
694 2933 755 3003 sed
771 2933 920 3001 detracta
934 2933 1001 3000 iam
1016 2933 1165 2999 maxima
1179 2923 1389 3001 auctoritatis

306 3068 414 3152 parte,
432 3060 597 3131 refectum
613 3067 672 3129 est.
690 3060 760 3127 Nec
781 3065 912 3148 postea,
935 3078 1015 3125 cum
1027 3058 1061 3124 in
1075 3054 1291 3144 tyrannidem
1311 3077 1387 3125 ces·

307 3193 397 3257 serat
411 3187 538 3277 Spartae
558 3206 613 3255 res
634 3184 783 3276 publica,
806 3183 949 3274 pristina
961 3181 1113 3272 potentia
1130 3182 1215 3251 illud
1230 3188 1389 3251 ornatum

308 3333 383 3382 esse
399 3312 622 3400 conspicuum
638 3316 700 3379 est.
805 3389 807 3393 ι

356 3438 437 3517 Quis
453 3437 554 3507 luerit
574 3438 630 3505 hie
638 3437 857 3525 magistratus
873 3437 1072 3524 intellegere
1093 3435 1192 3503 facile
1210 3441 1263 3504 est
1283 3456 1326 3504 ex
1345 3455 1388 3503 eo

308 3536 385 3635 odio
406 3587 472 3655 quo
489 3586 548 3634 rex
563 3565 760 3666 Cleomenes
786 3565 823 3631 in
842 3584 924 3632 eum
950 3564 1119 3651 impulsus
1139 3569 1202 3631 est.
1225 3562 1386 3653 Antiquis

308 3690 438 3760 scilicet
450 3691 499 3761 rei
512 3689 658 3786 publica
673 3695 840 3779 spartanae
859 3688 1071 3777 temporibus
1095 3687 1280 3776 ephoratus
1296 3689 1389 3756 insti·

354 3936 361 3973 ¹
383 3938 486 4016 Pion,
503 3938 577 4018 Ag„
599 3937 646 3999 ll.

346 4043 445 4121 Ποῖ,
462 4044 553 4118 ibid.,
574 4044 623 4106 le.
700 4068 703 4073 ¹

348 4159 360 4193 ⁸
382 4155 447 4232 lat..
461 4153 553 4231 itit,
572 4153 620 4218 13.
