3159 5059
624 402 783 463 ...21-

170 538 357 611 scribitur1.
372 540 470 619 Quod
481 542 510 609 si
517 561 659 632 prorsus
668 542 886 631 Xenophonti
896 541 1064 611 abnuatur
1073 543 1139 610 hoc
1149 561 1248 631 opuS,

168 674 201 737 at
228 668 349 737 saltem
375 688 493 737 rerum
518 668 749 737 laconicarum
776 668 1024 757 peritissimum
1052 668 1253 758 scriptorem

168 794 266 862 illum
296 815 372 863 esse
398 798 539 863 constat,
568 796 628 862 Cui
648 792 788 883 quidem
815 794 928 863 minor
951 815 1054 884 quam
1082 793 1254 863 Herodoto

169 920 256 989 fides
275 919 468 989 adhihenda
482 928 544 1005 est,
564 920 592 988 si
608 920 824 1010 optimatium
841 921 899 989 ille
913 925 1028 1010 partes
1048 922 1129 1010 egit,
1145 926 1183 988 ut
1198 919 1254 988 de-

169 1052 359 1115 monstrare
381 1066 452 1113 non
474 1045 600 1114 frustra
619 1045 751 1115 studuit
774 1049 814 1112 H.
845 1051 964 1113 Burin.
996 1048 1111 1115 Restat
1141 1052 1257 1114 tamen

171 1174 270 1257 illud,
302 1172 395 1263 quod
419 1172 510 1262 apud
539 1194 619 1242 eum
648 1180 741 1243 certa
772 1179 805 1242 et
834 1173 974 1242 definita
1000 1175 1184 1263 Lycurgeae
1206 1175 1257 1243 rei

170 1299 317 1390 publicae
346 1300 439 1368 notio
466 1298 650 1386 reperitur,
674 1299 814 1388 qualem
843 1299 887 1367 ad
906 1300 1015 1389 quinti
1034 1300 1149 1368 saeculi
1164 1320 1195 1367 a.
1218 1320 1253 1366 n.

172 1426 209 1493 G.
232 1426 337 1493 finem
361 1424 516 1513 Spartani
543 1431 702 1494 ueterum
726 1444 866 1494 morum
889 1424 1033 1495 studiosi
1060 1425 1124 1493 sibi
1148 1426 1258 1514 finge·

170 1549 266 1618 bant.

223 1676 296 1745 Hoc
315 1676 351 1743 in
371 1676 492 1765 primis
512 1676 733 1765 perspicuum
752 1677 850 1744 estin
863 1677 1098 1765 Xenophontis
1112 1678 1187 1746 loco
1200 1677 1259 1767 (lle

172 1804 222 1871 Re
245 1800 327 1891 pub.
350 1800 491 1883 Laced,
509 1800 559 1889 8),
585 1799 644 1867 uhi
670 1800 712 1869 de
740 1801 924 1890 ephoratus
944 1801 1075 1889 origine
1096 1802 1218 1890 agitur,
1241 1823 1261 1870 a

175 1929 340 2017 scriptore
353 1948 425 1995 non
443 1928 597 2016 Lycurgo
609 1927 685 2010 soli,
705 1927 765 1995 sed
781 1927 1001 2015 optimatibus
1016 1948 1096 1995 cum
1106 1929 1260 2017 Lycurgo

176 2049 469 2121 consentientibus
492 2049 700 2139 ephororum
714 2050 964 2118 institutionem
987 2050 1148 2119 tributam
1170 2073 1258 2121 esse.

179 2178 261 2255 Quae
277 2180 392 2244 autem
411 2176 455 2243 sit
474 2175 577 2243 totius
595 2175 800 2243 narrationis
820 2179 989 2243 structura
1007 2177 1174 2265 inspicere
1193 2198 1263 2245 non

179 2308 232 2371 est
251 2301 386 2369 inutile.
409 2301 593 2389 Postquam
609 2299 651 2369 de
670 2299 858 2369 educandis
877 2303 1006 2389 pueris,
1023 2302 1262 2371 informandis·

178 2449 245 2517 que
265 2425 398 2495 ciuibus
418 2425 608 2494 secundum
631 2427 844 2514 Lycurgeam
864 2426 1079 2516 disciplinam
1104 2426 1265 2496 disseruit

177 2553 384 2642 Xenophon,
408 2555 529 2642 quaerit
551 2573 619 2640 qua
640 2558 710 2620 arte
730 2553 847 2640 legum
867 2553 1022 2622 conditor
1045 2555 1227 2643 Spartanos
1246 2574 1266 2620 a

178 2678 404 2767 congerendis
421 2678 550 2746 diuitiis
563 2678 788 2767 prohibuerit.
808 2680 878 2747 111ae
892 2681 985 2748 enim
998 2680 1191 2749 molestiam
1201 2701 1266 2769 po-

178 2808 247 2883 tius
260 2827 367 2896 quam
380 2807 604 2896 uoluptatem,
626 2807 789 2895 quoniam
804 2809 899 2895 gravi
910 2806 1061 2895 pondere
1072 2808 1148 2875 aeris
1161 2806 1265 2874 conti-

178 2930 361 3015 nebantur,
386 2929 551 2998 diuitibus
568 2931 762 3000 attulissent
773 2928 800 2997 ²·
822 2932 909 2999 Nam
923 2952 979 2999 res
994 2936 1171 3000 mouentes
1189 2938 1267 2999 tan-

178 3063 253 3125 tum
270 3058 413 3146 scriptor
435 3057 597 3133 hocloco
619 3056 824 3145 designauit.
850 3057 903 3125 Sic
930 3057 972 3125 ad
992 3078 1174 3126 commune
1188 3076 1269 3145 erga

180 3184 353 3251 ciuitatem
368 3182 584 3273 obsequium,
608 3183 741 3252 sublata
757 3183 903 3251 diuitum
925 3182 1097 3271 superbia,
1114 3183 1270 3252 omnium

181 3309 286 3377 animi
301 3310 452 3377 inclinati
473 3316 581 3378 erant.
604 3312 735 3400 Nempe
759 3311 795 3377 in
814 3316 973 3399 spartana
992 3312 1128 3380 ciuitate
1148 3317 1271 3379 cuncta

182 3437 225 3505 od
244 3438 487 3507 oboedientiam
506 3439 553 3507 ita
567 3445 663 3507 erant
682 3445 887 3527 comparata,
910 3445 948 3507 ut
962 3438 1218 3528 magistratibus
1237 3459 1271 3520 et

181 3563 317 3653 legibus
336 3565 484 3655 populus
500 3566 684 3635 uniuersus
703 3586 741 3635 se
761 3566 850 3634 dicto
871 3564 1068 3635 audientem
1086 3564 1267 3654 praeberet.

227 3805 285 3868 ¹V.
294 3806 331 3866 H.
341 3806 451 3885 Buzio,
464 3804 703 3887 hadeuhlique
712 3805 763 3868 des
776 3806 1024 3868 Lacedemoniens
1036 3805 1071 3868 de
1081 3804 1257 3885 Xenophon,

188 3930 250 3993 cap.
268 3913 372 3976 II·IV.

265 4020 413 4099 Xenoplt„
438 4021 482 4083 De
498 4022 543 4083 Re
557 4020 640 4101 publ.
658 4020 836 4095 Lacedaem,
855 4020 883 4081 7.
