3159 5059
783 463 823 473 ..
843 428 881 490 22
906 462 941 475 -

324 571 385 639 iiis
404 570 475 639 iere
486 568 600 639 uerbis
616 568 733 657 incipit
747 569 842 637 locus
854 569 912 656 qui
927 572 1069 636 ootauus
1084 588 1126 636 ox
1144 568 1264 637 ordine
1279 589 1403 637 nume-

321 702 415 764 ratur
433 701 466 763 et
484 695 581 763 ouius
594 714 714 763 omnes
729 699 841 782 partes
856 692 898 761 ad
917 691 1079 762 eumdem
1098 692 1203 761 finem
1217 701 1294 782 apte
1309 713 1403 762 oom-

322 821 440 911 positae
451 826 549 888 sunt:
568 819 664 887 Hane
677 820 726 887 rei
742 818 888 907 publioae
903 818 1049 885 formam
1060 840 1136 907 quae
1151 819 1279 908 optima
1292 817 1404 888 ciuili·

322 947 401 1031 hus²
414 946 686 1035 militaribusque
694 951 728 1013 et
736 945 932 1015 domesticis
943 946 1133 1014 rationibus
1141 946 1321 1015 uidebatur
1331 966 1408 1014 esse

324 1078 499 1164 Lycurgus
514 1079 551 1141 ut
561 1074 766 1157 institueret,
781 1074 985 1142 sententiam
999 1094 1096 1142 suam
1107 1075 1313 1163 primoribus
1325 1074 1407 1142 ciui·

323 1203 401 1270 tatis
415 1201 461 1269 ita
472 1201 577 1269 suasit
592 1206 628 1268 ut
642 1200 905 1288 magistratuum
921 1200 1018 1269 dictis
1034 1201 1210 1270 audientes
1223 1221 1298 1270 esse
1312 1221 1408 1269 sum-

324 1350 416 1397 mam
436 1328 580 1417 gloriam
594 1332 803 1415 reputarent.
823 1328 1012 1416 Ephoratus
1032 1328 1134 1417 igitur
1156 1349 1226 1396 una
1247 1349 1327 1397 oum
1345 1327 1407 1415 Ly-

325 1477 430 1545 curgo
443 1459 645 1545 potestatem
666 1456 837 1523 oreaoisse
857 1456 1008 1525 habendi
1030 1462 1122 1524 sunt.
1145 1463 1233 1537 Εἰκὸς
1251 1459 1281 1529 δὲ
1297 1466 1345 1528 rat
1359 1465 1410 1534 τὴν

325 1598 374 1663 τῆς
387 1588 512 1677 ἐφορείας
528 1580 648 1674 δὺναμιν
664 1584 727 1661 τοὺς
743 1584 849 1663 αὐτὸυς
867 1581 1280 1677 τοὺτουςσυγνατασκευσὲσαι,
1294 1588 1410 1677 ἐπείπερ

325 1719 452 1803 ἔγνωσαν
468 1714 499 1781 τὸ
528 1713 670 1778 πείθεσθαι
696 1710 828 1801 μέγιστον
858 1715 966 1801 ἀγαθὸν
984 1710 1128 1780 εἶναικαὶ
1152 1714 1180 1780 ἐν
1207 1711 1286 1781 πόλει
1310 1718 1359 1779 καὶ
1383 1714 1412 1779 ἐν

224 1922 226 1925 ¹
325 1848 450 1930 στρατιᾷ
466 1837 555 1903 καὶ-ἑν
571 1844 652 1925 οἴκῳ.
676 1832 834 1920 Sequitur
855 1832 928 1900 haeo
950 1832 1057 1900 uerba
1075 1833 1250 1921 potestatis
1266 1833 1410 1922 descrip-

327 1960 386 2027 tio.
407 1959 490 2026 Cum
505 1957 548 2025 sit
565 1956 657 2025 enim
673 1976 872 2044 supremum
886 1957 1016 2024 honum
1039 1957 1129 2025 dioto
1144 1979 1277 2046 parere,
1295 1960 1413 2049 ephori

331 2103 506 2151 summum
525 2087 558 2150 et
578 2082 794 2170 tyrannicum
816 2082 1000 2169 imperium
1021 2088 1179 2151 exercent
1202 2068 1335 2178 (Epopon
1351 2081 1412 2166 οὖν,

327 2206 406 2297 κτλ).
421 2208 605 2276 Utilissime
616 2228 680 2277 nos
691 2213 856 2296 praeterea
870 2209 969 2277 docet
981 2209 1185 2298 Xenophon,
1201 2212 1259 2299 qui
1269 2212 1416 2299 ephoros

328 2333 457 2401 confert
465 2353 544 2400 oum
555 2332 604 2401 eis
616 2332 675 2421 qui
687 2332 931 2400 certaminibus
944 2334 1111 2421 gymnicis
1119 2334 1415 2421 praesunt.Ouihus

328 2457 454 2541 statim,
469 2457 561 2524 omni
573 2456 705 2524 sublata
715 2456 968 2545 prouocatione,
982 2477 1058 2524 mos
1069 2462 1140 2525 erat
1150 2456 1412 2546 obtemperare¹.

376 2583 446 2651 Neo
460 2580 538 2649 inde
555 2581 650 2650 ahest
667 2580 759 2649 fama
773 2580 832 2647 illa
846 2602 921 2669 quae
936 2581 1163 2668 Lyeurguma
1177 2582 1296 2669 Pythia
1310 2582 1414 2651 hono-

328 2716 441 2779 ratum
460 2708 566 2793 fuisse
586 2707 713 2777 eteius
736 2707 861 2796 placita
884 2707 1103 2796 comprobata
1137 2708 1328 2777 Herodotus
1347 2709 1416 2777 iam

328 2832 500 2923 prodidit3
519 2832 580 2901 sed
592 2832 783 2921 Xenophon
802 2851 871 2899 nou
893 2831 986 2898 huno
1011 2832 1162 2900 imitatur
1185 2834 1243 2920 qui
1259 2853 1279 2900 a
1296 2854 1415 2902 narra-

329 2959 421 3027 tione
441 2964 599 3049 spartana
613 2956 808 3026 seiunxerat
827 2956 974 3044 Pythicae
989 2957 1175 3024 sanctionis
1189 2957 1411 3026 mentionem,

332 3083 435 3166 Infra,
455 3083 542 3151 siout
560 3082 765 3165 Herodotus,
780 3082 816 3147 in
832 3081 1019 3169 Lycurgeis
1033 3081 1196 3149 institutis
1214 3082 1416 3170 ephoratum

331 3209 498 3293 nominat,
516 3229 595 3277 oum
615 3208 657 3276 de
671 3228 708 3276 re
723 3207 875 3290 militari,
893 3207 1065 3296 praeoipue
1085 3206 1127 3274 de
1151 3205 1275 3275 dileotu
1296 3204 1410 3275 dicit2.

380 3333 406 3399 E
424 3332 561 3421 gemino
576 3328 740 3399 Herodoti
754 3334 788 3397 et
805 3328 1040 3417 Xenophontis
1055 3328 1252 3396 testimonio
1273 3329 1414 3397 conolu-

334 3457 484 3526 dendum
508 3461 559 3524 est
586 3474 691 3523 unam
723 3475 785 3544 per
812 3453 970 3541 quintum
995 3474 1025 3521 a.
1053 3474 1089 3519 n.
1118 3454 1152 3521 C.
1179 3453 1344 3521 saeculum
1373 3454 1415 3522 de

331 3584 467 3673 ephoris
496 3583 685 3650 innotuisse
720 3580 925 3649 sententiam
955 3586 1133 3649 eteorum
1170 3600 1298 3648 munus
1329 3582 1417 3649 inter

331 3710 505 3799 Lyeurgea
529 3709 681 3777 instituta
711 3711 929 3775 numeratum
960 3704 1091 3791 fuisse3
1123 3727 1199 3795 quaa
1229 3706 1415 3775 tamenab

373 3957 381 3990 ¹
404 3947 551 4026 Xenoph.‚
569 3946 614 4007 De
630 3946 675 4007 Re
691 3943 773 4025 puhl.
794 3940 974 4015 heddam„
991 3942 1020 4003 8.

373 4053 635 4129 3161.,11)111.,11.
