3159 5059
594 495 633 511 --
654 464 693 527 89
708 464 752 511 ¹-
1164 548 1167 554 Ι

187 603 295 683 Quam
315 610 405 673 arcte
424 604 616 673 cohaereant
635 604 701 673 illae
725 624 780 674 res
805 604 894 673 inter
911 623 948 674 se
967 603 1166 695 intellegere
1185 604 1221 673 in

137 735 297 819 promptu
316 734 368 798 est
387 734 420 797 et
434 733 599 819 quantum
618 728 698 799 inde
718 729 902 818 ephoratus
921 729 1114 819 profecerit.
1144 742 1147 747 ’

189 856 214 923 Ε
234 854 358 943 quihus
377 860 492 922 autem
505 853 626 923 officiis
641 854 830 924 constiterit
843 855 917 922 haec
932 853 1133 925 iurisdictio
1148 856 1221 924 sin-

140 979 285 1069 gillatim
300 980 424 1069 exponi
434 980 564 1069 nequit.
581 979 726 1063 Iamdiu,
745 999 825 1047 cum
835 978 1004 1049 scribebat
1013 979 1218 1064 Herodotus

140 1105 260 1196 ephori
271 1104 443 1189 desierant
456 1126 512 1174 res
528 1106 564 1173 iu
577 1105 651 1174 foro
662 1106 804 1174 uenales
819 1105 987 1195 inspicere
1000 1111 1035 1176 et
1048 1108 1126 1177 lites
1141 1106 1221 1175 inde

140 1237 232 1301 ortas
251 1230 430 1314 dirimere3
451 1250 576 1320 nempe
594 1231 660 1299 hoc
675 1251 802 1299 munus
815 1230 858 1299 ab
873 1231 1056 1321 empeloris
1071 1231 1222 1301 exerceri

139 1352 336 1424 uidemus⁴.
363 1356 433 1423 Has
458 1374 543 1423 uero
563 1356 816 1423 controuersias
836 1355 879 1425 de
905 1355 1030 1444 quibus
1059 1360 1222 1425 statueret

139 1480 1223 1569 eorumcollegiumconiooretantumpossnmus‚cumdolorma

140 1609 378 1673 contractuum
402 1604 557 1672 ciuilium
581 1604 639 1693 qui
667 1603 758 1695 apud
786 1605 969 1695 Spartanos
987 1606 1023 1673 in
1037 1626 1102 1674 usu
1126 1612 1223 1675 erant

143 1730 242 1798 nulle
261 1727 433 1817 supersint
447 1728 605 1817 uestigia.
628 1728 863 1817 Cognitionem
881 1728 924 1798 de
944 1730 986 1798 iis
1003 1730 1122 1820 ephori
1137 1730 1224 1801 inter

142 1873 179 1921 se
200 1852 432 1943 partiebantur
452 1852 480 1920 si
500 1853 671 1921 Aristoteli
686 1849 901 1947 credimus²;
923 1860 1066 1939 etcum
1085 1853 1223 1923 aliunde

140 1977 341 2046 nouerimus
360 1976 403 2045 od
432 1994 603 2046 summam
622 1978 857 2047 auctoritatem
875 1998 936 2047 eos
950 1980 1150 2067 peruenisse
1178 1999 1220 2049 eo

139 2108 295 2193 tempore
322 2123 390 2193 quo
414 2104 611 2193 paucissimi
632 2109 666 2171 et
693 2102 873 2171 latifundia
901 2109 934 2173 et
952 2105 1114 2194 pecunias
1138 2124 1220 2194 pos-

141 2226 313 2310 sidebant,
336 2247 379 2295 ex
398 2246 441 2295 eo
460 2246 601 2296 necesse
621 2233 672 2295 est
691 2224 941 2295 concludamus
959 2232 1224 2296 etoriatocrett-

55 2414 58 2419 .
140 2372 221 2419 cum
241 2341 480 2438 magistratum
500 2368 621 2417 eorum
647 2349 753 2417 fuisse
774 2356 808 2418 et
837 2370 906 2438 quo
934 2348 1110 2420 uberiores
1128 2351 1225 2419 factae

67 2564 70 2569 Ι
141 2474 259 2543 sintin
274 2473 348 2541 dies
368 2472 547 2543 facultates
564 2473 791 2563 optimatium,
815 2494 856 2542 eo
875 2474 1023 2543 maiores
1041 2494 1162 2544 causas
1181 2473 1224 2543 ad

143 2601 354 2689 ephororum
363 2598 513 2667 tribunal
524 2598 654 2667 delatas
665 2620 753 2668 esse.
768 2601 953 2689 Postquam
963 2620 1047 2669 uero
1058 2600 1094 2668 in
1103 2620 1226 2669 manus

145 2727 274 2816 aliquot
301 2726 457 2796 uirorum
476 2731 509 2796 et
524 2724 751 2795 feminarum³
771 2735 934 2815 congesta
951 2726 1048 2796 luere
1067 2745 1226 2817 agrorum

146 2851 276 2920 reditus
297 2851 497 2941 sonoraque,
523 2850 566 2920 de
588 2851 725 2919 fortuna
746 2851 883 2940 publica
897 2851 959 2935 illi,
981 2851 1074 2919 omni
1097 2855 1228 2920 remota

147 2976 377 3060 contentione,
393 2975 630 3045 decreuerunt.
649 2975 746 3053 Quod
760 2976 788 3044 si
805 2981 948 3045 uocetur
961 2974 1166 3058 indubium,
1185 2972 1229 3041 ad

146 3098 265 3189 Agidis
283 3100 341 3168 uel
360 3098 550 3168 Cleomenis
572 3100 660 3168 uitas
689 3120 708 3168 a
734 3100 915 3167 Plutarcho
937 3119 1116 3189 expressas
1136 3097 1191 3168 rel
1210 3136 1229 3151 -

147 3230 240 3293 ratur
255 3225 401 3293 animus.
419 3224 482 3291 Ubi
503 3224 656 3293 diuidere
671 3225 846 3313 portiones
866 3244 1026 3313 agrorum
1045 3230 1078 3292 et
1094 3244 1230 3313 aequare

150 3351 305 3420 fortunas
325 3351 412 3420 inter
432 3351 526 3419 ciues
551 3357 695 3442 uterque
723 3350 906 3420 meditatus
934 3357 998 3433 est,
1025 3350 1232 3439 ephororum

151 3477 295 3566 collegio
319 3497 406 3566 opus
432 3496 507 3545 esse
529 3476 594 3545 sihi
614 3478 721 3546 sensit
746 3478 834 3546 etin
858 3476 944 3545 illud
967 3477 1094 3545 amicos
1122 3476 1232 3545 iutro-

194 3768 202 3805 ⁴
228 3760 401 3834 Hermann,
428 3759 538 3823 Lebrb.
560 3760 612 3823 der
637 3760 811 3841 griechisch.
838 3759 1001 3834 Staatsalt.,
1029 3758 1104 3823 1884
1129 3757 1232 3840 (intrita

149 3870 258 3949 Aah),
274 3886 300 3931 c.
316 3867 366 3943 al,
382 3868 417 3929 ad
434 3878 493 3931 not.
511 3868 561 3931 23.
1068 3946 1071 3951 ,

190 3978 203 4015 ²
223 3978 332 4052 Arist,
357 3974 438 4052 Pol,
457 3974 501 4052 11,
523 3978 550 4051 l,
567 3976 598 4038 7.
624 3976 724 4051 laten,
741 3976 779 4038 lo
794 3993 859 4057 sqq.
875 3974 971 4038 Behk.
989 3977 1058 4039 mai.

193 4084 205 4123 ³
227 4087 323 4161 Plut,
345 4084 402 4164 hg.
424 4092 452 4145 et
469 4082 678 4165 Oleumpass
