3159 5059
597 464 755 525 ..57-

135 609 326 693 posteaque
345 602 536 692 Xenophon
552 598 560 635 ⁴
584 608 617 671 et
635 601 836 671 Plutarchus
851 598 864 635 ²
884 602 1005 671 eadem
1020 598 1093 672 fere
1115 601 1221 671 uerba

135 735 307 818 usurpant
325 736 364 797 ut
378 734 504 797 statum
515 730 642 818 Spartae
655 728 862 812 describant,
876 729 986 817 qualis
1000 734 1077 798 ante
1090 729 1220 817 Lycur-

85 828 87 834 ’
138 874 225 941 gum
245 857 316 921 erat
326 858 360 921 et
375 826 485 941 qualis
495 850 559 919 fuit
574 852 609 918 in
626 858 802 940 posterum
811 852 972 941 lycurgea
981 852 1220 920 constitutione

138 982 306 1045 mutatus.
331 978 445 1047 Veteri
463 984 567 1071 ἀνομίᾳ
592 997 719 1045 nouam
737 980 867 1072 εὐνομίαν
885 983 1061 1067 opponunt
1084 996 1217 1058 omnes,

139 1106 345 1191 perpetuam
358 1101 486 1169 famam
500 1098 618 1171 uerhis
634 1102 730 1190 quasi
745 1101 916 1191 conceptis
925 1100 1109 1169 tradentes.
1122 1098 1218 1167 adde

138 1225 234 1316 quod
254 1228 290 1293 in
304 1226 440 1296 ciuitate
465 1226 663 1315 lycurgeam
682 1225 771 1294 hanc
790 1227 936 1295 formam
955 1246 1015 1316 per
1034 1226 1141 1293 muita
1155 1244 1221 1293 sae-

138 1350 219 1419 oula
239 1356 410 1419 seruatam
429 1370 505 1419 esse
519 1351 677 1419 nonnulli
697 1351 882 1440 scriptores
895 1350 1105 1421 contendunt
1118 1346 1143 1416 ³.

191 1475 290 1541 iilam
312 1495 395 1545 uero
411 1480 557 1559 constat,
575 1482 613 1542 ut
627 1475 848 1564 optimatibus
867 1475 1056 1564 prodesset,
1079 1473 1221 1542 infracta

139 1618 265 1685 regum
293 1600 455 1689 potentia,
483 1599 709 1687 compositam
732 1618 819 1667 esse.
858 1600 941 1667 Cum
972 1597 1162 1667 Aristotelis
1189 1604 1223 1665 et

140 1724 315 1793 Plutarchi
332 1724 417 1793 locis
432 1722 474 1793 de
489 1723 636 1791 Charilai
652 1721 832 1811 tyrannide
849 1724 935 1792 mire
953 1724 1108 1812 congruit
1117 1717 1220 1791 Hera·

140 1851 250 1920 clides
279 1852 439 1920 Ponticus
458 1850 605 1920 eundem
624 1865 798 1945 τυραννικῶς
817 1870 978 1939 regnasse
1006 1850 1178 1919 affirmans
1193 1848 1217 1917 ⁴.

140 1978 269 2047 Cuncta
288 1976 436 2067 denique
451 1978 597 2065 uestigia
617 1999 693 2067 quae
713 1976 756 2045 de
775 1978 840 2046 hac
858 1997 974 2045 rerum
997 1978 1221 2046 conuersione

140 2103 359 2190 reperiuntur
387 2101 509 2172 eodem
530 2086 667 2171 'ducunt
692 2124 699 2169 :
721 2102 824 2189 regiae
852 2102 1007 2190 potestati
1043 2101 1218 2183 successit,

140 2246 204 2314 pro
228 2226 378 2293 maxima
396 2233 504 2316 parte,
532 2227 658 2314 Spartae
675 2232 714 2293 ut
738 2228 853 2295 Romae
873 2233 907 2294 et
924 2226 1064 2296 Athenis
1092 2246 1221 2314 pauco-

141 2372 221 2419 rum
241 2352 426 2421 dominatio
455 2372 562 2441 penes
581 2370 667 2441 quos
682 2355 716 2418 et
729 2351 804 2419 iura
822 2358 856 2421 et
873 2352 1059 2420 fundorum
1081 2371 1221 2440 posses-

142 2477 259 2547 siones
279 2456 385 2549 erant.
530 2483 531 2489 ’

192 2600 258 2670 Sed
278 2600 399 2673 dixerit
417 2603 559 2674 forsitan
578 2608 725 2697 aliquis:
748 2607 787 2673 In
807 2606 870 2675 hac
884 2603 1125 2672 constitutione
1144 2603 1220 2692 quis

143 2723 242 2793 locus
269 2731 320 2794 est
335 2728 472 2816 ephoris
494 2729 536 2798 de
557 2728 682 2818 quihus
700 2736 846 2813 taceant,
862 2733 985 2818 praeter
1011 2725 1220 2795 Herodotum

139 2848 484 2942 Xenophontemque,
502 2860 637 2923 ueteres
662 2854 856 2943 scriptores,
874 2852 940 2919 illae
956 2872 1031 2940 quae
1051 2851 1219 2940 lycurgeae

139 2977 306 3039 uocantur
330 2978 460 3060 rhetrae,
479 2982 511 3046 et
525 2977 678 3066 hyrtacus
696 2976 823 3065 ipsein
841 2975 993 3045 carmine
1017 2974 1073 3042 cui
1091 2992 1219 3041 nomen

138 3099 268 3191 Εὐνομία
284 3092 323 3162 ⁵?
341 3098 517 3175 Quomodo
537 3100 579 3171 de
598 3107 755 3171 ueterum
773 3100 978 3170 testimoniis
1000 3105 1076 3188 post
1102 3098 1219 3165 Xeno-

180 3264 189 3299 ¹
210 3260 358 3339 Xenoph,
375 3261 420 3323 De
435 3262 480 3323 Re
496 3260 575 3341 pubi.
593 3260 773 3337 becedam,
791 3261 821 3324 5.

178 3362 191 3401 ²
210 3367 307 3441 Plut,
326 3368 411 3447 hyn,
429 3366 459 3442 2,
476 3366 506 3429 5.
967 3390 972 3398 ¹

178 3472 190 3509 ³
213 3475 318 3549 icccc,
336 3477 381 3537 De
397 3476 485 3549 Pace,
502 3476 555 3538 95.
575 3477 670 3550 Pica,
689 3476 776 3556 Lyn,
793 3473 843 3538 29.
870 3475 918 3539 Gt.
935 3474 971 3537 de
986 3474 1118 3538 tontibus
1140 3474 1216 3535 Plu-

137 3579 229 3642 tarchi
246 3581 375 3644 adhunc
391 3582 502 3645 locum.
528 3584 667 3663 Ftoepet,
678 3585 734 3645 Die
750 3583 879 3656 Quelleu
894 3584 926 3645 in
942 3583 1098 3645 Plutarchs
1121 3604 1134 3641 ο
1155 3583 1218 3662 Ly·

136 3686 282 3769 kurgos».
302 3689 452 3771 Marburg,
473 3690 560 3752 1870.
1295 3685 1300 3695 ’

176 3798 259 3860 Usus
273 3806 318 3860 est
327 3798 447 3881 Ephoro
459 3798 647 3874 Plutarchus,
660 3816 749 3879 quem
762 3816 865 3862 reuera
881 3817 941 3863 non
952 3800 1050 3879 ipsum
1061 3798 1217 3878 excerpsit.

137 3904 184 3967 Oi.
202 3906 311 3985 Meyer,
329 3906 386 3969 loc.
403 3908 451 3969 cit.
469 3924 549 3987 sup,
565 3906 599 3968 ad
616 3925 680 3989 pag.
694 3906 744 3969 28.
810 3898 812 3901 ’

176 4011 189 4049 ⁴
209 4015 327 4078 Heroct.
345 4015 474 4088 Pontia,
501 4015 535 4076 ir.
552 4015 597 4077 ed.
617 4015 717 4091 Didot,
736 4024 806 4077 tom.
825 4016 866 4090 ΙΙ,
884 4032 949 4095 pag.
967 4013 1037 4076 tto.
1165 4064 1167 4068 s

176 4126 187 4162 ⁶
207 4122 305 4200 Pecu,
324 4125 411 4203 Lyn,
427 4122 457 4185 6.
1113 4203 1127 4253 4
