3159 5059
1581 452 1890 514 -82,

644 591 909 659 senatui
939 596 1287 659 reseruata
1316 590 1528 661 fuisse
1560 591 1644 662 de
1675 591 2078 680 capitalibus
2104 591 2330 659 causis
2351 591 2819 679 cognitionem

645 719 710 783 et
749 713 1104 799 iudicium,
1142 714 1264 785 sed
1294 716 1364 783 in
1394 715 1579 785 solos
1611 716 1977 805 Spartanos
2006 742 2020 803 ;
2060 736 2219 783 cum
2249 735 2414 784 uero
2436 714 2519 783 de
2547 713 2818 783 delictis
2932 764 2937 768 -

645 862 888 930 regum
907 847 1246 931 ageretur,
1281 842 1573 931 ephoros
1605 840 2036 911 senatoribus
2058 840 2393 909 admixtos
2421 838 2631 909 fuisse
2658 838 2710 924 ¹,
2747 847 2819 910 et

647 966 734 1034 ad
771 987 1112 1035 summam
1148 967 1321 1035 nihil
1351 966 1628 1055 regibus
1655 967 1902 1057 reliqui
1941 966 2153 1036 fuisse
2192 966 2322 1034 nisi
2354 987 2504 1056 quae
2535 966 2620 1034 ad
2648 966 2819 1035 reli-

649 1090 925 1180 gionem
971 1092 1388 1180 gentiliciam
1427 1097 1543 1160 aut
1598 1090 1684 1160 ad
1723 1091 1953 1160 ciuilia
2007 1111 2199 1160 sacra
2234 1091 2671 1181 pertinerent.
2731 1092 2822 1160 At

650 1222 981 1306 perpetua
1007 1224 1073 1288 et
1111 1238 1229 1286 ore
1268 1238 1405 1286 uno
1443 1217 1695 1286 tradita
1731 1216 1913 1286 fama
1950 1238 2035 1287 ex
2062 1217 2382 1286 omnibus
2413 1216 2823 1288 testimoniis

649 1349 916 1411 constat
944 1363 1156 1432 penes
1187 1342 1480 1432 ephoros
1510 1341 1727 1412 fuisse
1755 1343 1925 1411 iuris
1946 1342 2315 1411 dictionem
2342 1344 2415 1410 in
2442 1338 2817 1432 priuatos².

652 1468 755 1535 Illi
785 1468 991 1537 etiam
1013 1468 1376 1558 scriptores
1398 1468 1514 1558 qui
1546 1468 1983 1558 Theopompo
2009 1468 2152 1556 regi
2182 1469 2597 1558 ephororum
2618 1468 2825 1536 insti-

651 1591 981 1660 tutionem
1027 1590 1336 1658 tribuunt
1392 1610 1511 1659 eos
1558 1590 1871 1659 ciuilium
1926 1609 2291 1659 causarum
2339 1590 2591 1660 iudicio
2644 1612 2828 1681 prae-

651 1717 864 1787 fuisse
915 1717 1184 1787 docent.
1252 1718 1454 1787 Recte
1495 1718 1702 1806 igitur
1762 1717 2162 1787 Cleomenes
2208 1739 2327 1788 eos
2380 1739 2419 1787 e
2485 1717 2831 1788 iudicibus

650 1848 976 1933 tyrannos
1008 1843 1311 1913 euasisse
1343 1844 1717 1929 contendit,
1755 1849 1845 1927 et,
1878 1850 2207 1934 occupato
2235 1844 2563 1934 paulatim
2595 1864 2834 1913 rerum

656 1969 1016 2057 regimine,
1065 1973 1204 2037 toto
1254 1968 1325 2034 in
1375 1969 1653 2038 ciuitate
1689 1969 1976 2057 imperio
2006 1969 2256 2057 potitos
2293 1989 2467 2037 esse.
2522 1969 2834 2056 Cumque

659 2094 802 2177 ille,
848 2092 1129 2163 deiectis
1170 2093 1696 2182 magistratuum
1736 2093 2107 2177 subselliis,
2147 2113 2367 2161 unum
2416 2098 2594 2161 stare
2633 2093 2837 2161 iussit

657 2218 840 2287 unde
878 2224 1058 2287 esset
1096 2219 1244 2309 ipse
1284 2219 1392 2288 ius
1422 2216 1766 2288 dicturus³
1816 2219 2033 2289 ueteri
2077 2238 2242 2287 sane
2280 2218 2476 2287 famae
2524 2226 2594 2288 et
2632 2240 2833 2287 com-

655 2343 847 2411 muni
896 2343 1382 2432 Spartanorum
1438 2344 1796 2412 sententiae
1849 2342 2285 2411 inseruiebat.
2350 2344 2612 2432 Nempe
2669 2364 2835 2411 cum

657 2468 911 2557 populo
928 2466 1374 2552 blandiretur,
1403 2468 1778 2536 instaurata
1796 2486 2040 2555 regum
2062 2471 2420 2556 potestate,
2458 2487 2497 2535 a
2518 2468 2827 2556 regibus,

657 2598 734 2661 ut
771 2593 964 2677 dicit,
998 2592 1164 2661 olim
1193 2592 1595 2661 mandatum
1626 2592 1927 2661 officium
1954 2592 2083 2660 sibi
2114 2589 2440 2682 seposuit.
2482 2593 2836 2684 Quidquid

659 2718 1099 2788 sentiendum
1136 2725 1239 2787 est
1288 2717 1372 2787 de
1412 2718 1539 2787 hac
1577 2719 1947 2809 ephoratus
1995 2714 2303 2807 origine4
2342 2719 2504 2787 huic
2558 2721 2837 2788 muneri

663 2844 1040 2934 antiquitus
1071 2842 1497 2912 iudiciariam
1518 2848 1922 2932 potestatem
1953 2844 2252 2911 iunctam
2280 2842 2492 2913 fuisse
2523 2844 2839 2933 Spartani

661 2976 845 3039 certe
901 2990 1142 3039 omnes
1198 2968 1703 3038 existimabant.
1764 2968 1908 3046 Qua
1963 2974 2195 3037 autem
2258 2970 2522 3038 ratione
2587 2969 2837 3059 ephori

661 3094 850 3162 illam
879 3094 1331 3179 exercuerint,
1378 3094 1577 3164 docet
1614 3089 2081 3163 Aristoteles⁵.
2129 3093 2440 3184 Namque
2474 3113 2633 3162 cum
2677 3117 2713 3160 <c
2744 3094 2835 3162 ab

745 3332 765 3367 ¹
809 3328 1059 3402 Herod„
1093 3328 1175 3402 V,
1211 3324 1314 3389 39.

748 3435 845 3499 Or.
885 3433 1185 3510 Pansam,
1217 3435 1336 3508 111,
1370 3433 1430 3508 5,
1466 3435 1525 3497 3.

747 3545 772 3583 ²
815 3543 909 3603 Cf.
946 3560 1111 3622 sup„
1149 3559 1277 3622 pag.
1315 3540 1392 3603 62
1425 3558 1549 3619 sqq.

748 3652 773 3689 ³
818 3652 1010 3727 Plut„
1049 3649 1309 3723 Cleom.,
1349 3648 1447 3710 10.

747 3761 769 3799 ⁴
816 3761 912 3827 Cr.
948 3778 1107 3841 sup„
1143 3777 1275 3839 pag.
1308 3758 1376 3821 31
1417 3777 1542 3838 sqq.

753 3874 778 3909 ⁸
820 3871 1036 3943 Arist„
1082 3866 1244 3943 Pol„
1285 3869 1370 3940 11,
1417 3865 1477 3941 6,
1513 3865 1857 3940 16.-127011,
1894 3865 1973 3928 28
2002 3884 2128 3946 sqq.
2172 3868 2363 3931 Bekk.
2403 3868 2542 3931 mai.
2571 3870 2649 3931 ἔτι
2675 3870 2729 3929 δὲ
2754 3880 2845 3933 καὶ

673 3989 877 4062 apicem
910 3984 1137 4061 μεγάλων
1172 3985 1268 4038 n’m
1300 3982 1480 4059 κύριοι,
1524 3976 1665 4043 ὄντες
1707 3978 1758 4036 οἱ
1812 3979 2085 4054 τυχόντες,
2124 3977 2299 4059 διόπερ
2334 3984 2427 4039 οὐκ
2469 3986 2845 4061 dat-W

672 4095 878 4168 βέλτιον
904 4095 1078 4173 atpium
1102 4093 1232 4151 ἀλλὰ
1258 4093 1392 4151 κατὰ
1417 4093 1693 4169 ’γράμματα
1718 4094 1803 4147 καὶ
1831 4091 1950 4155 τοὺς
1974 4089 2176 4167 νόμους.
