3159 5059
810 414 968 478 -76-

356 555 484 626 scilicet
513 555 547 623 in
575 553 780 623 uniuersum
807 554 985 643 populum.
1016 552 1112 629 Quod
1137 551 1328 622 eruendum
1348 557 1440 621 este

352 680 500 749 Platonis
529 679 696 748 sententia
726 698 795 769 qna
820 677 1078 767 Theopompum
1110 698 1228 767 regem
1260 683 1438 746 auctorem
1536 669 1539 678 ’

351 806 499 896 ephoriae
517 802 619 875 tradit
632 802 751 887 fuisse,
773 822 844 872 non
862 803 971 871 multo
991 801 1257 893 probabiliorem
1281 802 1436 871 sortitio-

348 930 551 1000 neminisse
566 926 789 998 demonstrat:
805 930 893 996 Nam
909 948 990 997 cum
1004 934 1094 997 sorte
1110 928 1168 997 ille
1183 926 1307 996 dicata
1324 927 1432 995 Theo-

347 1076 487 1146 pompo,
523 1059 565 1124 ut
588 1053 737 1137 frenum,
777 1053 938 1123 iniectam
962 1073 1039 1123 esse
1066 1058 1300 1142 «potestatem
1323 1072 1432 1142 prope

346 1182 389 1253 ad
409 1189 535 1252 sortem
557 1178 722 1250 ductam»
748 1185 833 1277 eppira
849 1198 899 1262 τῆς
922 1185 1070 1275 κληρωτῆς
1097 1188 1217 1275 ἀγαγὼν
1242 1175 1429 1273 δυνάμεωςί,

346 1329 442 1377 mera
452 1295 627 1376 sortitione
638 1306 778 1376 minime
791 1313 908 1396 captos
918 1327 995 1375 esse
1005 1306 1152 1396 ephoros
1166 1304 1245 1375 inde
1259 1306 1427 1396 sequitur.

347 1436 595 1505 Schoemannus
628 1431 768 1522 quidem
799 1441 891 1503 recte
920 1433 1105 1524 perspexit,
1139 1438 1256 1501 nostro
1283 1432 1426 1517 iudici0,

348 1555 506 1623 «sortitis
533 1554 787 1644 magistratibus
810 1555 877 1624 hoc
895 1557 1044 1625 maxime
1068 1557 1245 1646 proprium
1272 1577 1362 1649 esse,
1388 1562 1430 1625 ut

245 1724 247 1729 -
347 1682 575 1771 »promiscua
598 1702 668 1749 non
683 1702 878 1770 exgenere,
900 1703 1020 1767 censu,
1042 1681 1217 1771 dignitate,
1236 1704 1256 1751 a
1273 1684 1428 1773 quolibet

236 1843 238 1847 ·
345 1809 442 1897 »capi
459 1808 637 1898 possint»,
660 1808 751 1897 quod
769 1828 891 1877 reuera
913 1810 950 1876 in
976 1809 1170 1878 ciuitatibus
1192 1814 1426 1878 democratiam

341 1934 430 2003 solet
454 1933 545 2003 lieri.¹
563 1935 647 2001 Cum
665 1954 749 2001 uero
781 1954 800 2002 e
821 1934 948 2023 populo
973 1935 1137 2003 uniuerso
1161 1934 1425 2005 desumerentur

343 2059 475 2147 ephori,
505 2078 565 2127 eos
593 2054 686 2126 Plato
713 2058 967 2146 magistratibus
993 2081 1079 2148 quos
1099 2061 1133 2127 in
1161 2061 1270 2150 patria
1289 2082 1353 2130 sua
1381 2082 1424 2129 ex

339 2183 497 2251 omnibus
512 2190 602 2252 sorte
616 2183 722 2252 lectos
743 2203 821 2253 esse
839 2185 992 2253 nouisset
1015 2206 1151 2274 aequare
1175 2185 1290 2275 aliquo
1319 2187 1422 2255 modo

338 2309 459 2377 uoluit.

390 2435 547 2503 Ceterum
563 2434 701 2504 aliunde
716 2436 828 2505 elucet
843 2444 933 2506 sorte
948 2438 1095 2527 ephoros
1110 2442 1225 2527 captos
1239 2458 1309 2505 non
1325 2458 1418 2527 esse;

338 2578 420 2640 nam
435 2561 599 2629 Isocrates
614 2579 634 2627 a
647 2560 802 2650 Lycurgo
816 2562 1010 2630 institutum
1024 2582 1100 2631 esse
1115 2561 1226 2646 docet,
1242 2567 1281 2630 ut
1299 2583 1420 2631 omnes

337 2683 554 2773 magistratus
581 2704 651 2752 non
679 2689 768 2753 sorta
797 2692 1005 2769 crearentur,
1035 2685 1096 2755 sed
1121 2683 1364 2775 eligerentur2.
1390 2687 1419 2753 Α

338 2831 405 2900 quo
429 2830 498 2879 non
522 2809 678 2880 dissentit
703 2810 917 2896 Aristotelea,
940 2832 1033 2894 cum,
1056 2816 1250 2900 spartanam
1269 2812 1418 2880 ciuitatis

335 2934 482 3004 formam
499 2941 656 3032 ὀλιγαρχίᾳ
670 2943 703 3005 et
720 2940 898 3033 δημοκρατίᾳ
912 2938 1054 3005 mixtam
1069 2957 1145 3006 esse
1160 2936 1356 3020 ostendens,
1375 2935 1418 3005 ad

334 3064 1414 3154 oliparchtootaccederedicitmagistratuumillamcreationem,

336 3208 482 3278 quorum
495 3214 511 3256 a
525 3210 644 3259 omnes
654 3190 867 3279 legebantur,
885 3190 971 3257 nulli
982 3195 1073 3259 sorte
1086 3188 1351 3278 designabantur
1361 3185 1412 3257 Ξι).

381 3318 497 3407 ltaque
515 3315 715 3405 legebantur
735 3317 866 3406 ephori,
887 3337 959 3385 non
976 3322 1067 3385 sorte
1086 3316 1318 3407 capiebantur.

376 3509 382 3547 ¹
407 3510 500 3585 Plot,
518 3511 563 3572 De
578 3507 677 3588 legib,
694 3510 754 3585 ΙΙΙ,
772 3527 838 3590 pag.
854 3508 925 3571 692.

370 3623 385 3658 ²
402 3622 542 3693 Iaceret,
561 3616 699 3691 Panath,
716 3635 741 3678 c.
759 3616 829 3694 154,
843 3616 889 3679 ed.
907 3614 1042 3679 Bekher:
1061 3627 1106 3688 τὰς
1120 3628 1203 3702 ἀρχὰς
1218 3627 1247 3681 οὐ
1263 3623 1409 3703 κληρωτὰς,

329 3736 391 3793 ἀλλ’
397 3735 498 3813 αἱρετὰς
511 3736 662 3799 ποιήσαντος
677 3724 857 3810 (Λυκούργου).

366 3835 381 3875 ³
401 3840 511 3915 Arist,
529 3837 612 3911 ΡοΙ.,
628 3836 674 3899 IV
692 3834 768 3916 (VI),
784 3836 813 3911 7,
828 3837 856 3898 5.
881 3828 979 3911 laert,
997 3834 1106 3913 32-34,
1124 3837 1221 3901 Bekh.
1235 3839 1307 3901 mai.

367 3948 415 4011 Ol.
431 3947 539 4022 Arist,
555 3944 633 4020 Pol,
652 3944 694 4020 ll,
711 3945 739 4020 6,
762 3943 808 4008 lt.
827 3940 931 4019 tarot,
948 3943 997 4019 ⁸26,
1014 3944 1110 4041 Beklr.
1125 3947 1192 4009 mai.
1209 3964 1216 4007 :
1236 3952 1292 4009 ἀλλ’
1307 3952 1409 4032 αἱρετὴν

324 4060 373 4121 ἔδει
386 4067 432 4127 τὴν
446 4065 528 4140 ἀρχὴν
543 4062 636 4123 ταύτην
656 4051 713 4135 (τὴν
727 4052 832 4139 ἐφορίαν)
848 4062 874 4127 ἐξ
889 4061 1009 4117 ἁπάντων
1022 4060 1077 4137 μὲν,
1092 4061 1152 4117 κτλ.
