3159 5059
627 473 787 539 „39-

164 604 265 677 facile
300 610 517 699 perspicitur.
560 612 654 683 Bella
689 612 880 703 praesertim
911 610 1082 679 messenia
1118 616 1247 679 constat

163 732 282 820 magni
300 734 467 803 momenti
490 733 599 805 luisse
619 741 653 805 et
677 736 715 803 in
737 733 979 804 constituendo
1006 734 1247 823 Spartanorum

165 855 313 946 imperio
331 860 421 927 etin
449 858 643 929 ordinanda
673 859 823 930 ciuitate.
846 858 947 940 Nam,
974 856 1058 926 dum
1079 858 1249 928 messenia

164 979 291 1070 oppida
311 984 555 1073 oppugnabant
574 984 744 1073 Spartani,
760 983 843 1072 plus
860 983 968 1051 semel
990 982 1157 1053 intestinis
1176 982 1248 1051 dis-

164 1104 290 1173 cordiis
318 1105 401 1175 urbs
419 1106 588 1178 laboravit
613 1112 658 1191 et,
690 1111 859 1196 occupata
886 1106 1067 1191 Messenia,
1089 1104 1249 1174 ciuilibus

163 1229 316 1299 motibus
330 1232 491 1320 agitatam
501 1250 577 1301 esse
592 1232 747 1321 Spartam
761 1230 936 1299 nouimus.
952 1230 1043 1309 Quos
1050 1229 1113 1301 etsi
1124 1229 1249 1299 diserte

163 1374 267 1425 nemo
295 1358 502 1448 scriptorum
524 1357 582 1449 qui
609 1355 759 1445 quidem
778 1361 963 1445 supersunt
988 1354 1156 1445 exposuit,
1176 1360 1247 1423 tes-

162 1485 278 1550 tantur
303 1487 420 1552 tamen
438 1490 471 1553 et
485 1482 645 1571 Polydori
664 1483 756 1570 regis
776 1480 894 1551 caedes
920 1482 1047 1571 (Paua,
1069 1480 1127 1564 ΙΙΙ,
1151 1480 1186 1565 3,
1209 1479 1244 1564 2,

161 1626 238 1696 sqq,
265 1607 321 1695 ΙΙ,
346 1608 415 1693 16),
435 1614 469 1678 et
487 1608 634 1677 obscura
647 1608 706 1677 illa
725 1606 988 1677 partheniorum
1008 1604 1128 1676 seditio
1144 1626 1246 1695 quam

161 1728 204 1798 ab
224 1730 361 1820 Ephoro
389 1732 545 1817 relatam,
567 1730 699 1814 Strabo,
731 1730 937 1818 DionysiuS,
969 1726 1143 1798 lustinus⁴
1167 1749 1248 1818 pro·

160 1850 335 1922 diderunt.
366 1854 406 1921 ln
431 1854 533 1943 quale
556 1859 630 1922 tum
664 1852 855 1921 discrimen
883 1850 1029 1920 adducta
1055 1852 1172 1922 civitas
1204 1853 1248 1923 sit

159 1974 318 2045 conicere
327 1976 456 2046 dature
470 1975 587 2045 uerbis
596 1974 718 2045 lustini
729 1974 788 2064 qui
803 1973 942 2042 Helotas
953 1973 1077 2064 incepti
1091 1974 1247 2043 conscios

159 2104 195 2169 et
207 2101 391 2191 participes
404 2100 513 2171 fuisse
532 2100 649 2186 tradit,
676 2099 824 2189 denique
845 2096 888 2167 de
905 2099 1118 2189 patrimoniis
1136 2106 1247 2170 certa-

157 2228 235 2291 tum
247 2244 337 2293 esse.
351 2224 529 2293 Accedunt
543 2245 620 2314 quae
637 2223 832 2313 accepimus
848 2220 890 2291 de
905 2228 1013 2307 metu,
1028 2228 1105 2313 post
1117 2222 1248 2292 bellum

157 2349 384 2433 messenium,
408 2348 501 2438 apud
523 2349 706 2439 Spartanos
732 2348 880 2433 concito,
899 2368 943 2417 ne
962 2346 1098 2438 quando
1121 2347 1246 2419 deuicti

158 2492 199 2541 ac
214 2471 341 2542 subditi
359 2472 586 2543 rebellionem
599 2478 757 2562 pararent
782 2496 790 2559 ;
812 2479 851 2541 ut
864 2472 1134 2542 dominationem
1155 2473 1245 2543 obti-

155 2603 293 2682 nerent,
323 2617 392 2666 usu
421 2598 582 2667 continuo
608 2597 797 2681 exercitati,
827 2617 1017 2688 nunquam,
1044 2618 1105 2687 per
1123 2600 1246 2689 longos

157 2740 281 2804 annos
297 2721 447 2791 uictores
467 2722 510 2791 de
528 2720 687 2791 manibus
707 2742 801 2790 arma
815 2721 1059 2811 deposuerunt.

206 2845 287 2913 Haec
314 2850 429 2914 autem
457 2846 584 2930 omnia,
611 2845 770 2936 quamuis
799 2847 967 2916 rationem
994 2848 1108 2938 aliquo
1140 2847 1243 2919 modo

155 2965 302 3035 reddant
317 2986 378 3034 our
400 2967 505 3036 latius
525 2967 703 3036 arbitrium
718 2968 858 3057 ephoris
876 2969 1084 3058 permissum
1101 2970 1158 3056 sit,
1174 2992 1244 3041 non

155 3108 217 3159 eos
232 3089 274 3158 ab
293 3091 366 3159 ullo
386 3079 467 3180 rege
487 3096 619 3162 creatos
638 3113 714 3163 esse
729 3094 926 3163 necessario
946 3095 1120 3166 euincunt.
1139 3098 1240 3184 Quin,

154 3235 202 3283 ne
222 3215 408 3304 collegium
423 3236 442 3285 e
457 3236 580 3307 regum
592 3218 731 3287 uicariis
745 3219 939 3289 constitisse
951 3220 1144 3308 credamus,
1158 3245 1241 3295 non·
1357 3207 1359 3212 ⁵

155 3339 254 3407 nulla
274 3338 423 3409 obstant.
624 3328 627 3335 λ

207 3464 372 3548 Primum,
397 3465 494 3533 nullo
518 3463 713 3535 testimonio
740 3488 760 3537 a
783 3469 958 3540 ueteribus
976 3470 1099 3542 tradito
1121 3476 1240 3565 ephori

155 3586 221 3655 hac
237 3584 438 3657 condicione
458 3587 713 3658 administrasse
731 3589 966 3679 perhibentur,
984 3595 1112 3664 omissa
1124 3617 1238 3667 narra-

154 3712 248 3785 tione
272 3712 450 3802 Phylarchi
470 3734 490 3782 a
513 3714 692 3783 Plutarcho
718 3716 754 3783 in
776 3716 847 3785 uita
872 3718 1063 3789 Cleomenis
1089 3724 1234 3811 prodita.

155 3834 218 3904 Cui
235 3856 317 3905 cum
338 3836 481 3907 Dumius
498 3837 707 3929 praeeipuam
729 3838 835 3909 fidem
859 3840 972 3927 addat,
997 3864 1061 3914 nos
1085 3843 1238 3919 diffidere

196 4064 206 4103 ¹
229 4065 349 4142 suaso,
360 4067 417 4141 vr,
431 4084 496 4147 pag.
509 4066 578 4130 279.
598 4069 736 4149 dionys,
750 4070 785 4131 u.
798 4072 901 4147 xvrr,
917 4073 977 4137 r-a.
992 4075 1192 4156 roseum,
1208 4078 1235 4141 a.
