3159 5059
590 497 630 537 ’-
651 488 688 554 59
710 496 749 537 .·.

134 628 330 699 ciuitatibus
349 636 538 699 euenerunt
548 626 727 699 adcertum
743 650 870 699 annum
881 630 1006 700 referre
1020 628 1209 721 legitimum

134 763 188 824 est
209 780 217 841 3
238 755 274 822 iu
299 760 455 844 spartana
475 755 617 823 historia
640 754 732 824 idem
759 755 834 824 lieri
860 756 990 845 nequit.
1013 756 1079 826 Sed
1104 762 1207 840 certe,

136 882 263 969 Spartae
286 900 435 970 quoquc,
464 886 538 948 tum
559 880 605 947 ita
633 900 823 949 conuersus
847 900 923 949 esse
938 882 1084 949 ciuitatis
1103 887 1210 951 status

136 1006 276 1095 incepit,
301 1009 338 1072 ut
356 1004 549 1093 grauissimi
578 1004 750 1095 scriptoris
768 1004 876 1073 uerha
901 1027 1075 1095 usurpem,
1096 1030 1113 1073 u
1131 1028 1210 1075 cum

137 1129 174 1197 in
188 1130 381 1220 prouincias
396 1129 547 1198 districta
560 1135 594 1197 et
612 1129 767 1217 pluribus
786 1128 945 1197 mandata
959 1130 1211 1219 reginpotestas

138 1252 223 1323 fuit¹
249 1279 280 1323 u.
305 1256 604 1345 superuacaneum
627 1254 825 1343 ceteroquin
854 1260 945 1324 esset
964 1260 1116 1344 repetere
1136 1277 1212 1345 quae

139 1381 264 1451 eximie
280 1381 371 1470 apud
388 1401 453 1449 nos
468 1386 567 1448 antea
582 1378 812 1448 demonstrata
828 1376 940 1448 sunt².

190 1508 223 1575 Si
237 1527 321 1575 uero
336 1515 467 1575 certum
482 1506 578 1595 quasi
597 1504 688 1573 diem
698 1505 905 1593 ephororum
914 1507 1102 1576 inuentioni
1114 1508 1212 1576 ascri·

139 1631 243 1702 bendi
265 1654 361 1722 spem
381 1630 559 1716 ahicimuS,
574 1636 607 1699 at
618 1630 738 1698 saltem
752 1630 832 1698 huic
846 1630 882 1697 in
900 1650 941 1699 ea
960 1632 1120 1721 lycurgea
1137 1655 1212 1723 quae

140 1756 275 1841 dicitur,
300 1756 553 1839 constitutione,
575 1755 691 1822 locum
718 1752 896 1842 adsignare
917 1754 952 1821 in
971 1763 1129 1853 promptu
1145 1764 1210 1839 est,

139 1884 243 1955 modo
256 1903 320 1952 nec
334 1903 402 1951 uno
413 1882 468 1951 dio
482 1902 546 1951 nee
561 1879 601 1949 ah
616 1900 687 1948 uno
701 1880 840 1948 homine
851 1901 925 1949 eam
937 1881 1120 1970 perfectam
1139 1904 1214 1953 esso

142 2012 357 2080 arbitremur.

190 2134 278 2213 Quin
311 2132 414 2202 etiam
439 2130 480 2200 ab
509 2128 678 2199 eiusmodi
709 2128 876 2197 sententia
906 2128 997 2198 haud
1024 2135 1093 2199 tam
1114 2132 1214 2221 longo

140 2258 301 2328 abhorret
316 2256 517 2326 Plutarchus
532 2256 605 2344 ipse
625 2252 683 2342 qui
697 2259 825 2336 tamen,
842 2251 886 2321 ob
902 2255 1098 2343 explanatas
1113 2277 1216 2346 supra

140 2404 263 2453 causas
277 2380 305 2468 ³,
326 2383 582 2472 Theopompum
594 2387 630 2448 ut
651 2381 833 2469 ephoratus
847 2380 1057 2450 conditorem
1073 2383 1213 2453 inducit.

137 2511 270 2598 Nempe
295 2508 330 2575 in
356 2527 430 2595 cap.
456 2504 562 2573 XXIX
593 2504 672 2573 uitae
704 2505 862 2593 Lycurgi,
894 2526 973 2573 oum
995 2505 1058 2574 sub
1084 2508 1213 2597 Agidis,

138 2632 335 2701 Archidami
355 2631 418 2699 filii
441 2636 575 2720 tempus
593 2630 770 2697 immutata
789 2648 864 2697 esse
884 2629 1047 2719 lycurgea
1066 2632 1218 2701 instituto

141 2757 253 2844 docet,
269 2757 342 2825 haec
356 2755 448 2824 addit
469 2779 475 2823 :
502 2780 519 2822 <t
530 2744 568 2827 ‘H
588 2762 646 2850 γάρ
661 2748 718 2828 τῶν
733 2756 842 2849 ἐφόρων
856 2762 1031 2838 κατάστασις
1044 2761 1097 2828 οὐκ
1110 2770 1215 2839 ἄνεσις,

137 2881 351 2963 ἀλλ’ἒπίτασις
369 2897 419 2963 τῆς
437 2886 578 2962 rotaretur
598 2890 646 2952 καὶ
668 2882 793 2952 δοκοῦσα
812 2886 882 2975 πρὸς
902 2891 952 2955 τοῦ
973 2885 1062 2976 δήμου
1078 2888 1218 2977 γεγονέναι

139 3010 331 3105 σφοδροτέραν
349 3012 461 3085 ἐποίησε
476 3016 526 3083 τὴν
539 3012 772 3104 ἀριστοκρατίαν.

191 3134 232 3201 Et
249 3138 340 3201 recte
354 3129 495 3221 quidem
512 3130 586 3199 haec
600 3128 772 3220 perspexit
790 3129 1004 3212 Plutarchus,
1016 3150 1094 3199 oum
1109 3130 1216 3200 elon·

141 3256 234 3326 tihus
262 3257 303 3325 ab
327 3257 461 3345 Ephoro
485 3253 715 3336 manantibus
733 3254 763 3323 si
781 3254 896 3322 minus
915 3274 957 3323 ex
982 3255 1116 3343 Ephoro
1138 3257 1211 3346 ipso

141 3378 320 3451 hauriret⁴
340 3404 347 3447 :
367 3381 493 3470 populo
513 3400 593 3448 cum
612 3378 728 3448 fauere
743 3377 918 3448 uideretur
937 3380 1144 3467 ephororum
1159 3382 1214 3448 in-

142 3508 284 3593 stituti0‚
308 3506 522 3596 optimatium
539 3506 726 3596 potentiam
750 3504 785 3571 in
804 3504 916 3573 maius
945 3506 1049 3574 auxit.
1078 3508 1217 3575 Summa

182 3694 191 3728 ¹
214 3688 350 3750 Sumner
370 3689 482 3763 Meloe,
507 3690 645 3752 L'aucien
669 3692 744 3753 droit
766 3689 880 3771 (transl.
904 3690 1069 3770 lr.·gallic.,
1094 3702 1213 3755 auctore

144 3796 466 3878 (lcumena-Sereno,
484 3818 549 3880 pag.
566 3798 604 3862 60
618 3820 625 3861 :
641 3803 710 3863 «Le
723 3803 844 3881 royaute
856 3801 928 3861 mise
939 3819 975 3861 eu
986 3803 1211 3864 commission».

183 3910 194 3945 ²
207 3905 310 3967 Fostel
319 3906 353 3966 de
365 3905 542 3983 declames,
557 3908 600 3968 ln
611 3909 665 3969 cite
676 3909 806 3988 antique,
819 3907 878 3968 XI·
888 3908 971 3981 edit,
984 3926 1049 3988 pag.
1062 3907 1208 3972 aaa-287.

184 4014 197 4051 ³
221 4013 268 4077 Ol.
287 4031 366 4093 sup,
385 4031 449 4093 pag.
466 4014 504 4075 29
520 4032 582 4095 sqq.

185 4120 198 4159 ⁴
221 4121 270 4184 Ol.
286 4140 366 4202 sup,
387 4139 452 4202 pag.
469 4120 518 4185 34.
