3159 5059
792 798 868 885 111.

350 1012 394 1063 DE
414 1012 469 1065 ms
487 1012 549 1075 QUI
568 1012 789 1067 EPHORORUM
807 1012 1006 1067 COLLEGIUM
1024 1010 1177 1065 dntscm
1196 1010 1315 1063 ERANT

434 1135 478 1191 ΕΤ
498 1140 542 1192 DE
561 1139 780 1195 BPHORORUM
801 1138 1039 1193 tmcltrtholtull
1063 1136 1230 1192 RATIONE.

344 1365 386 1434 Vt
409 1364 451 1433 de
470 1366 580 1455 prima
603 1366 733 1455 origine
757 1367 964 1456 ephororum
985 1368 1077 1435 inter
1096 1367 1280 1455 scriptores
1303 1386 1374 1435 non

295 1495 439 1574 constet,
458 1490 504 1559 ita
524 1490 566 1559 de
582 1510 700 1559 eorum
714 1492 872 1574 lectione,
895 1490 1035 1581 quinam
1049 1491 1086 1557 in
1102 1490 1287 1578 collegium
1311 1490 1374 1559 ad·

295 1612 382 1681 mitti
402 1617 435 1681 et
458 1611 549 1681 unde
569 1611 702 1681 desumi
723 1614 813 1682 soliti
837 1614 905 1683 siut
921 1614 956 1682 in
971 1612 1133 1701 ambiguo
1154 1617 1217 1682 est.
1237 1613 1297 1680 Cui
1313 1612 1373 1681 du'·

294 1736 448 1805 bitationi
463 1757 581 1805 ansam
595 1736 761 1807 dederunt
780 1739 854 1827 ipsa
868 1737 1058 1807 Aristotelis
1077 1736 1199 1805 uerba.
1228 1738 1260 1805 ls
1282 1739 1375 1805 enim

1361 1860 1374 1905 a

245 1895 247 1898 ·
294 1868 327 1934 ἐκ
349 1871 398 1935 τοῦ
414 1864 504 1957 δήμου
524 1860 631 1943 εἶναι’,
651 1872 684 1935 ἐκ
706 1872 757 1936 τοῦ
777 1866 867 1959 δήμου
883 1858 1027 1949 παντός’,
1046 1863 1148 1930 etiam
1166 1865 1195 1946 ἑξ
1215 1870 1351 1935 ἁπάντων

297 1988 444 2057 affirmat
463 1989 609 2079 ephoros
628 1989 721 2073 oriri,
744 1990 802 2077 qui
829 2009 919 2078 saepe
937 1997 963 2061 oi
980 1990 1115 2083 τυχόντες
1136 1989 1369 2058 inueniuntur.

346 2115 421 2182 Non
448 2134 468 2181 a
495 2114 620 2203 populo
649 2113 784 2183 differre
804 2115 868 2184 hos
893 2136 980 2204 quos
1009 2114 1206 2183 Aristoteles
1230 2112 1372 2181 uocibus

295 2241 324 2322 ἐξ
353 2245 490 2311 ἁπάντων
519 2244 599 2311 etot
621 2240 756 2333 τυχόντες
785 2239 1043 2329 comprehendit
1070 2239 1261 2321 credimuS‚
1292 2238 1373 2327 quia

298 2365 423 2453 Spartae
442 2364 656 2452 magistratus
676 2362 769 2432 adire
783 2365 833 2433 eis
851 2369 985 2432 tantum
1007 2363 1131 2433 licebat
1155 2363 1211 2451 qui
1226 2363 1320 2431 uictu
1338 2368 1373 2431 et

298 2487 497 2557 educatione
521 2487 692 2575 conceptis
710 2492 887 2555 uterentur
907 2486 1031 2576 quihus
1053 2506 1195 2555 censum
1221 2486 1371 2575 aliquem

299 2611 513 2701 suppeditare
536 2632 676 2707 necesse
700 2620 782 2681 erat.
806 2613 886 2681 Haec
909 2612 1001 2681 enim
1020 2611 1193 2680 adomnia
1211 2610 1286 2679 iura
1308 2610 1373 2679 oh-

298 2736 436 2805 tinenda
463 2735 733 2825 requirebantur.
766 2738 925 2805 Ceterum
950 2757 1020 2805 non
1047 2736 1210 2805 hocloco
1235 2734 1375 2803 demum

299 2859 406 2928 uerba
424 2859 549 2927 similia
570 2860 750 2948 usurpauit
771 2858 972 2927 Aristoteles
993 2866 1031 2925 ui
1049 2858 1142 2926 uiros
1161 2878 1375 2947 nequaquam

299 2985 403 3074 uulgo
432 2986 617 3074 permixtos
642 2985 859 3073 significaret.
892 2986 979 3052 Nam
1007 2990 1187 3074 postquam
1206 2990 1376 3052 cretenses

301 3132 434 3181 cosmos
454 3132 533 3179 cum
554 3110 691 3200 ephoris
710 3110 933 3199 comparauit,
959 3110 1033 3178 haee
1058 3108 1171 3177 addit:
1189 3117 1332 3204 γίγνονται
1351 3116 1377 3180 ot

301 3242 446 3333 τυχόντες,
465 3258 550 3329 quos
565 3242 680 3305 tamen
694 3256 712 3305 e
725 3235 930 3325 quibusdam
939 3234 1078 3303 familiis
1093 3234 1377 3326 desumptosesse

303 3370 359 3451 ait,
381 3387 463 3449 non,
481 3369 520 3433 ut
537 3366 664 3453 Spartae
680 3363 813 3451 ephori,
829 3382 849 3430 e
864 3362 991 3451 populo
1006 3362 1179 3429 uniuerso.

344 3564 353 3597 ¹
375 3560 481 3633 Arist,
507 3557 587 3633 Pol,
603 3556 645 3631 Il,
663 3553 692 3629 3,
710 3554 758 3615 10.
789 3546 889 3628 10651,
906 3553 955 3625 39,
973 3552 1021 3629 10,
1048 3552 1144 3614 Bekh.
1163 3554 1233 3613 moi.

343 3666 355 3703 ²
378 3670 435 3742 lut,
450 3665 630 3741 ibid.,11,6‚
648 3664 695 3726 11.
712 3664 814 3737 teror,
832 3662 895 3736 7-8,
910 3662 1004 3723 Behh.
1017 3662 1086 3722 mai.
1105 3661 1271 3722 [lectionem
1287 3667 1383 3731 τ.ντός

308 3794 374 3837 cum
396 3775 551 3837 sosemtol
572 3774 674 3835 lormae
695 3780 799 3843 πάντες,
823 3771 859 3834 ob
880 3771 936 3832 alie
957 3770 1055 3831 omnia
1070 3770 1245 3844 testimonio,
1260 3772 1337 3831 iuter
1351 3789 1384 3833 se

309 3879 523 3951 concordantia,
542 3878 734 3959 preterimus.

349 3988 362 4027 ³
385 3990 443 4063 ld,
460 3986 589 4063 ibid..6‚
606 3985 657 4050 16.
684 3979 852 4061 12701126,
870 3984 965 4048 Behk.
983 3985 1061 4058 mai3
1079 3981 1167 4056 thid,
1187 3984 1218 4060 7,
1234 3982 1265 4049 5.
1283 3982 1384 4059 lilia,

311 4095 360 4173 31,
380 4096 561 4159 Βυ11.ω11.
