3159 5059
787 390 948 454 „43-

314 531 466 615 titarunt,
489 531 555 599 nisi
583 532 690 600 coacti
704 528 727 615 ¹,
755 552 867 619 neque
888 532 923 599 in
947 532 1074 600 alienas
1097 551 1247 620 unquam
1266 551 1389 599 manus

308 656 393 724 illud
417 656 561 741 transiit,
592 656 659 725 nisi
687 663 904 746 postrorum
931 657 1085 725 ciuilium
1104 656 1378 725 conuersionem.

311 776 407 856 Quod
422 778 514 846 enirn
533 777 683 867 delegari
703 786 736 848 ct
751 800 826 848 uros
840 780 978 849 uetabat
996 784 1030 849 ct
1046 800 1153 848 sacra.

356 905 539 993 Perspicua
553 910 668 974 autem
678 924 733 973 res
754 910 818 990 est,
834 927 914 974 curn
926 926 1022 973 sacra
1033 926 1096 975 sua
1109 912 1142 974 et
1154 907 1266 974 cultus
1281 905 1389 993 epho-

307 1034 354 1100 ris
373 1031 475 1101 fuerit
493 1032 652 1121 proprius
680 1038 713 1101 et
740 1032 819 1101 inde
846 1032 1029 1101 habuerint
1047 1032 1096 1099 illi
1116 1032 1278 1121 auspicia.
1301 1031 1389 1099 Fieri

307 1158 410 1228 etiam
431 1158 540 1247 potuit
567 1163 747 1227 uteorum
774 1178 870 1227 sacra
900 1179 979 1227 curn
1005 1159 1168 1226 uniuersa
1195 1163 1389 1246 temporum

308 1287 547 1356 constitutione
558 1286 696 1375 qualern
706 1287 835 1375 Spartae
851 1288 1043 1376 reperimus
1059 1288 1240 1354 coniuncta
1259 1292 1384 1355 essent.

307 1413 449 1483 Notauit
468 1412 559 1479 enirn
576 1412 764 1481 Boeckhius
786 1412 970 1481 ooteteride
989 1432 1072 1481 usos
1086 1413 1268 1501 Spartanos
1283 1406 1385 1497 essc²;

310 1539 403 1628 atqui
418 1558 508 1608 nono
525 1558 660 1627 quoque
679 1558 767 1606 anno
787 1538 830 1606 de
848 1538 935 1606 coelo
952 1539 1071 1628 ephori
1090 1538 1310 1607 instituebant
1326 1538 1389 1606 ob-

307 1664 522 1733 scruationes
549 1662 674 1751 quibus
703 1668 948 1749 cognoscerent
979 1667 1096 1729 utrum
1122 1662 1313 1731 continuari
1347 1682 1390 1729 an

196 1842 198 1847 .
308 1788 436 1858 aboleri
456 1787 546 1875 regis
560 1788 739 1876 utriusque
753 1785 899 1874 dignitas
918 1784 1093 1856 deberctss.

355 1912 408 1980 Ad
421 1913 564 1981 numina
582 1913 725 1980 lucifera
741 1913 916 2002 pertinere
935 1913 1024 1981 hanc
1038 1915 1285 2004 inspectionem
1299 1918 1389 1982 recte

311 2038 443 2106 monuit
465 2037 506 2105 Α.
537 2031 759 2105 Schaeferusl.
793 2038 904 2105 Huius
923 2037 1017 2105 modi
1037 2039 1129 2107 enim
1148 2044 1199 2107 est
1217 2038 1277 2106 illa
1294 2038 1391 2105 Pasi-

306 2163 393 2251 phae
406 2182 508 2252 quam
518 2164 581 2231 rite
590 2162 746 2231 colebant
756 2163 888 2251 ephori,
900 2164 936 2230 in
949 2165 1077 2252 templo
1085 2164 1159 2232 deae
1170 2162 1385 2245 incubantes

308 2308 387 2355 curn
415 2288 575 2356 uaticinia
600 2307 722 2376 capere
751 2285 902 2356 uellent⁵
932 2293 965 2357 ot
991 2308 1011 2355 a
1038 2289 1133 2356 Luna
1158 2286 1289 2384 (Σελήνῃ)
1318 2308 1389 2355 non

306 2412 528 2500 seiungenda.
544 2414 636 2497 Quae,
656 2433 735 2481 cum
745 2413 915 2481 Cretensis
928 2412 992 2482 dea
1006 2413 1121 2497 tuerit,
1133 2420 1271 2503 apparet
1286 2434 1389 2503 quarn

304 2536 393 2605 bene
413 2538 595 2606 conueniat
613 2537 715 2605 huius
729 2538 841 2605 cultus
854 2558 934 2605 curn
955 2539 1150 2607 narratione
1165 2538 1206 2606 ab
1217 2537 1389 2606 Herodoto

306 2656 475 2750 prodita⁰.
498 2663 681 2751 Pasiphaes
708 2682 805 2731 sacra
833 2664 1068 2752 antiquissima
1091 2663 1263 2732 Thalamis
1293 2677 1391 2737 erant

305 2785 398 2854 haud
410 2786 529 2875 procul
540 2806 560 2853 a
571 2784 656 2853 mari
667 2786 703 2852 in
715 2786 872 2853 confiniis
882 2787 1165 2875 Messeniaeatque
1180 2784 1390 2861 Laconicae'i

346 2987 354 3022 ¹
379 2985 427 3047 Ol.
453 2982 773 3055 Peucetio-Romule,
800 2982 844 3041 De
859 2981 1010 3043 Archoute
1026 3000 1104 3061 rege,
1124 3000 1187 3061 pag.
1207 2982 1303 3056 3-173
1328 2984 1380 3046 Ol.

310 3108 465 3153 romanum
479 3098 581 3166 regent
594 3105 765 3151 sacrorum.

353 3194 366 3233 ²
380 3197 498 3270 Barth,
512 3198 571 3257 Zur
581 3193 755 3256 Geeeblchte
764 3193 817 3255 der
827 3193 1027 3273 Mondcyclen
1039 3194 1092 3255 der
1102 3193 1259 3271 Hellenen,
1272 3212 1337 3275 pag.
1351 3195 1390 3257 10

309 3322 371 3387 sqq.

351 3418 362 3449 ³
386 3414 479 3487 Pica,
496 3411 579 3489 Agis,
599 3409 646 3472 ll.

354 3517 365 3555 ⁴
388 3522 424 3580 A.
436 3519 577 3595 schefer,
594 3518 640 3578 De
659 3516 787 3596 Ephoris
798 3514 987 3579 lacedaemon.
1001 3526 1201 3595 commentat,
1220 3538 1285 3600 pag.
1298 3522 1347 3583 19.

358 3624 635 3703 ⁵Conririasingulis
646 3624 817 3704 pleniluniis
827 3624 927 3687 haberi
938 3624 1387 3708 solebautlscholudThucyd„

327 3776 334 3799 .
358 3732 419 3798 obt.

352 3840 509 3914 ⁶llerod.,
534 3839 559 3913 Ι,
582 3838 637 3899 65.

272 4004 274 4011 .
353 3954 363 3985 ⁷
385 3947 526 4026 Schaser,
550 3948 596 4009 De
611 3944 722 4026 Ephor.
740 3944 927 4011 lacedaemon.
945 3954 1145 4023 commentat,
1170 3967 1234 4029 pag.
1260 3950 1308 4013 17.
1333 3952 1384 4013 Ol.

311 4059 460 4132 Pansae,
479 4057 540 4135 ΙΙΙ,
554 4073 618 4136 pag.
636 4053 706 4135 aot,
729 4057 763 4120 ll.
783 4056 919 4131 Curtius,
938 4055 1097 4137 Pelopon,
1114 4059 1155 4132 II,
1177 4058 1246 4120 230.
