3159 5059
809 449 990 512 -100-

372 594 558 657 extremam
577 586 728 676 inopiam
752 586 1002 657 adduceretur?
1028 587 1238 679 Quapropter
1265 588 1452 659 ditissimos
1547 595 1548 602 ’

372 733 475 802 saepe,
493 732 572 782 cum
582 713 715 781 multati
734 717 861 798 essent,
884 713 997 782 solum
1011 714 1157 783 uertisse
1171 713 1343 783 uidemus.
1362 708 1367 716 ’
1406 795 1410 805 ,

420 834 516 906 Adde
536 835 629 925 quod
656 834 859 924 inspiciendi
883 835 1098 924 syssitiorum
1113 836 1294 925 participes
1312 836 1453 905 facultas

371 962 508 1051 ephoris
523 960 735 1030 tribuebatur
748 962 823 1050 lege
838 966 873 1029 et
887 980 987 1049 reges
1001 962 1065 1051 ipsi
1079 962 1243 1051 peculiari
1258 983 1330 1031 suae
1348 979 1451 1044 cenae,

372 1107 450 1155 cum
476 1087 602 1176 Spartae
629 1090 846 1154 morarentur
873 1086 915 1154 ab
945 1086 995 1187 eis
1020 1086 1230 1174 cogebantur
1258 1085 1394 1156 adesse.
1415 1087 1455 1155 Vt

372 1211 513 1279 obsonia
532 1208 690 1300 quaedam
708 1210 899 1299 praeherent
914 1210 1039 1279 diuites
1060 1210 1101 1279 ab
1121 1211 1261 1300 ephoris
1290 1211 1454 1280 condem-

371 1336 441 1404 nati
454 1356 531 1404 esse
552 1334 748 1405 uidentur¹.
768 1336 851 1405 Inde
871 1337 986 1425 igitur,
1012 1357 1212 1427 quanquam
1232 1338 1455 1426 6616666666-

373 1458 459 1526 sitiis
472 1458 646 1527 uniuersis
663 1459 901 1549 polemarchos
923 1459 1102 1549 praeieetos
1122 1460 1244 1544 fuisse,
1266 1459 1454 1530 custodiam

373 1582 557 1673 quamdam
581 1584 684 1653 huius
711 1586 838 1653 ueteris
862 1585 1124 1654 consuetudinis
1153 1584 1270 1655 adres
1293 1588 1455 1656 militares

374 1709 408 1775 in
428 1708 549 1797 primis
564 1709 748 1798 spectantis
768 1710 906 1799 ephoris
926 1710 1123 1780 mandatam
1140 1732 1215 1781 esse
1230 1719 1383 1801 apparet.
1485 1770 1489 1777 .

422 1930 502 2007 Quae
533 1931 608 1997 iura
634 1930 670 1996 in
699 1930 882 2019 Spartanos
916 1931 1011 1999 ciues
1038 1930 1255 2014 exercebant,
1277 1931 1401 2001 eadem
1422 1933 1456 2000 in

373 2058 506 2122 ceteros
526 2051 817 2134 Lacedaemonios
842 2051 950 2121 idest
980 2052 1163 2141 perioecos,
1187 2052 1336 2141 ephoros
1370 2051 1455 2122 obti-

372 2178 489 2247 nuisse
504 2176 770 2247 existimandum
780 2182 845 2258 est,
855 2174 969 2267 neque
984 2184 1100 2245 tamen
1110 2197 1171 2267 pro
1187 2177 1451 2247 certoaffirman·
1489 2222 1492 2229 -

373 2300 469 2385 dum,
490 2302 652 2391 quoniam
665 2302 761 2370 66116
775 2307 962 2391 supersunt
971 2302 1171 2370 testimonia
1178 2300 1271 2370 unde
1281 2303 1453 2371 conclusio
1547 2321 1548 2370 ἕ

373 2447 415 2496 66
434 2432 583 2495 eruatur.
606 2427 647 2494 Et
664 2426 707 2495 ob
727 2446 806 2495 eam
823 2446 963 2495 causam
982 2426 1140 2496 conicere
1161 2426 1269 2515 potuit
1288 2426 1326 2493 O.
1346 2427 1452 2496 Muel-
1547 2407 1548 2442 a

373 2549 487 2621 lorus2
507 2552 687 2641 perimam,
718 2550 878 2619 nonnisi
904 2571 984 2619 cum
1014 2550 1258 2619 Lacedaemone
1278 2548 1449 2633 adessent,

375 2677 581 2768 ephororum
614 2676 739 2744 iudicio
773 2675 947 2745 subiectos
966 2674 1085 2745 luisse.
1109 2676 1268 2745 Ceterum
1294 2678 1452 2745 nouimus

374 2802 602 2891 perioecorum
630 2800 830 2889 regionibus
863 2800 1083 2889 magistratus
1109 2805 1143 2869 et
1175 2790 1453 2889 procuratoresa

376 2929 547 3020 Spartanis
568 2928 745 3017 impositos
769 2947 846 2997 esse
866 2928 924 3017 qui
944 2923 1166 3017 praeessent³.
1189 2926 1256 2995 Sed
1279 2927 1365 2995 iuris
1382 2926 1451 2994 dic-
1545 2979 1546 3018 3

1545 3031 1546 3058 i

372 3058 465 3126 tione
480 3052 628 3145 quadam
649 3073 709 3122 eos
727 3053 911 3149 instructos
929 3072 1006 3125 esse
1026 3071 1044 3121 6
1063 3052 1202 3121 nomine
1221 3052 1448 3140 procuratoris

376 3183 410 3249 in
430 3180 609 3270 Cytheram
628 3177 776 3246 insulam
790 3177 972 3267 quotannis
986 3177 1096 3259 missi,
1119 3181 1319 3273 Κυθηροδίκου
1341 3178 1415 3248 dico
1427 3175 1449 3260 ⁴,

376 3303 536 3393 colligere
555 3302 646 3370 licet.
665 3301 712 3369 Ea
730 3306 846 3369 autem
865 3321 942 3390 quae
961 3297 1005 3368 ad
1022 3301 1107 3368 iuris
1122 3300 1307 3370 dictionem
1321 3308 1452 3391 specta·

374 3431 457 3499 bant
485 3450 527 3499 ex
559 3427 766 3517 ephororum
796 3424 935 3493 arbitrio
963 3425 1167 3513 pependisse
1201 3427 1283 3494 satis
1312 3429 1448 3495 constat.
1544 3399 1545 3422 ¹

374 3556 540 3624 Praeterea
579 3571 693 3620 mores
734 3550 962 3640 perioecorum
1013 3555 1191 3639 spartanos
1239 3551 1454 3639 magistratus
1514 3574 1518 3582 ⁴

414 3763 424 3800 ⁴
447 3766 653 3838 Bielchowslo‘,
672 3767 716 3826 De
734 3764 873 3844 Spartan.
891 3763 1004 3842 syssit„
1023 3779 1087 3842 pag.
1103 3761 1141 3823 20
1158 3779 1223 3842 sqq.
1392 3733 1400 3748 ⁰

416 3880 428 3916 ²
451 3852 639 3946 orechter,
658 3872 700 3946 11,
721 3871 776 3933 115
792 3887 856 3949 sqq.
1264 3854 1268 3859 ’
1307 3850 1313 3858 ’

416 3982 429 4019 ³
451 3980 550 4044 Schol.
562 3980 653 4041 Pind.
665 3976 860 4059 Olymp.‚Vl‚
876 3955 1007 4050 tarsun
1018 3975 1188 4037 Hermesta
1198 3974 1244 4037 illi
1253 3976 1450 4037 nominantur.

418 4087 744 4171 *halcyonum
1159 4066 1164 4074 ’

1542 4055 1544 4158 1
