3159 5059
598 492 756 555 ..23-

142 658 317 729 Herodoto
336 660 537 750 simpliciter
561 665 774 749 exprompta,
797 658 890 747 apud
905 660 1168 747 Xenophontem
1183 660 1226 727 ad

143 791 254 854 artem
268 784 457 875 quamdam
465 805 538 853 non
550 785 624 853 sine
635 784 845 852 coniecturis
856 804 1017 873 expressa
1026 786 1224 872 permansit.

196 912 348 979 Manauit
370 912 445 979 haec
464 912 568 979 etiam
583 909 627 977 ad
641 910 781 978 serioris
803 910 910 977 aetatis
928 911 1122 998 scriptores,
1143 931 1229 999 quos

144 1043 263 1106 tamen
280 1042 319 1105 ut
334 1038 436 1127 pauci
450 1036 617 1105 iaciamus
630 1035 797 1103 nonnulla
809 1054 874 1102 nos
889 1032 1065 1101 inducunt.

193 1166 282 1231 Nam
302 1164 394 1255 quod
414 1166 565 1254 primum
582 1164 686 1230 huius
705 1162 800 1229 modi
824 1162 971 1229 occurrit
994 1162 1228 1229 testimonium

143 1294 182 1359 in
204 1293 447 1381 Epistolarum,
470 1312 547 1380 quae
569 1291 738 1372 feruntur,
760 1290 1011 1356 Platonicorum
1029 1295 1151 1356 octaua
1173 1290 1228 1355 in—

143 1416 317 1487 uenitur¹.
340 1420 572 1506 Praeterquam
592 1417 686 1505 quod
706 1416 827 1483 incerti
854 1415 1029 1503 scriptoris
1059 1421 1112 1482 est
1143 1413 1230 1482 illud

143 1564 232 1633 opus
245 1550 281 1612 et
299 1543 342 1612 de
356 1543 531 1611 historicis
552 1542 657 1611 rebus
672 1540 838 1608 mediocri
857 1539 926 1607 fide
941 1539 1097 1629 dignum,
1112 1561 1229 1609 rerum

142 1670 220 1760 ipsa
234 1669 413 1737 instructio
437 1668 531 1736 hunc
550 1668 667 1735 iocum
688 1665 730 1733 de
752 1666 970 1755 praecogitato
992 1666 1133 1733 consilio
1152 1687 1228 1735 csse

146 1798 380 1888 compositum
402 1796 542 1865 indicat.
571 1797 747 1885 Lycurgus
766 1796 860 1861 enim
880 1793 927 1860 ibi
952 1799 985 1861 et
1000 1794 1139 1863 familiae
1157 1816 1229 1863 suae

145 1932 180 1993 et
211 1926 342 1993 ciuitati
368 1924 582 1992 consuluisse
605 1922 816 2011 perhibetur,
838 1927 1060 2008 cognatorum
1088 1943 1229 1990 suorum

143 2050 366 2139 tyrannidem
385 2050 487 2138 Argis
506 2055 541 2117 et
554 2050 719 2117 Messenae
737 2048 968 2115 affectantium
987 2048 1228 2138 quoquomodo

143 2176 322 2245 conatibus
336 2174 506 2243 obsistere
519 2174 671 2243 voluisse
695 2176 729 2240 et
747 2174 864 2259 patriae
878 2173 914 2238 in
936 2172 1059 2240 eodem
1075 2174 1227 2262 periculo

142 2300 432 2371 medicamentum
444 2301 565 2368 afferre
579 2325 586 2384 3
604 2299 707 2387 igitur
724 2306 773 2375 τὴν
785 2313 842 2371 τῶν
853 2301 994 2393 γερόντων
1008 2307 1105 2394 ἀρχὴν
1118 2308 1228 2374 καὶτὸν

143 2440 202 2497 τῶν
217 2429 324 2521 ἐφόρων
336 2429 444 2520 δασμὸν
457 2442 506 2505 τῆς
519 2428 672 2515 βασιλικῆς
684 2432 779 2519 ἀρχῆς
789 2432 926 2518 σωτήριον
935 2424 1134 2493 instituisse.
1148 2425 1229 2493 Haec

140 2552 276 2641 imperii
296 2550 433 2620 decreta
449 2551 632 2640 partitione
651 2551 739 2617 inter
754 2555 881 2637 patres
899 2569 939 2616 ac
957 2548 1176 2636 magistratus
1194 2558 1229 2617 et

142 2696 242 2765 reges
259 2675 374 2765 effingi
394 2674 533 2743 uidetur
552 2676 637 2743 ratio
653 2674 811 2763 quaedam
819 2674 1229 2763 quasnamphilosophus

143 2798 259 2887 quiuis
287 2799 338 2866 rei
360 2798 507 2887 puhlicae
528 2797 686 2886 gerendae
714 2796 927 2886 disciplinam
951 2798 1225 2886 commendaret3

146 2922 226 2991 inde
239 2923 361 2991 cadem
371 2925 408 2991 in
423 2924 573 3012 aliquam
588 2923 820 3012 suspicionem
835 2924 940 2991 uenit.
959 2924 1109 2993 Verbum
1118 2926 1230 3014 ipsum

148 3058 347 3143 «σωτήριον»
379 3071 459 3117 cum
483 3050 591 3118 uerbo
616 3069 636 3116 a
660 3049 799 3116 Platone
826 3056 988 3137 usurpato
1008 3051 1044 3117 in
1065 3052 1145 3139 Leg.
1168 3052 1227 3135 III,

143 3196 222 3263 pag.
254 3176 338 3258 692,
366 3184 476 3270 σωτὴρ,
502 3174 672 3263 congruit.
701 3174 848 3240 Conatur
878 3174 1058 3244 manifesto
1087 3178 1230 3265 scriptor

145 3276 342 3388 spartanam
377 3301 668 3380 constitutionem,
693 3297 958 3367 accommodatis
980 3299 1114 3369 adrem
1133 3322 1229 3370 oom-

143 3425 333 3509 mentariis,
356 3428 537 3515 explicare.
1035 3515 1039 3520 g

193 3549 339 3617 Minoris
359 3551 462 3619 etiam
482 3559 562 3619 sunt
577 3552 784 3621 aestImandae
799 3553 959 3641 diogenis
971 3553 1096 3621 Laertii
1109 3560 1143 3622 et
1157 3554 1227 3621 Sui·

148 3671 200 3741 dae
221 3678 404 3745 sententiae
423 3698 509 3767 quas
525 3698 635 3749 avora
646 3679 893 3767 significa-tione
908 3677 1110 3767 deprauatas
1123 3679 1229 3749 fuisse

142 3803 280 3871 Kanius
306 3810 340 3871 et
359 3803 513 3872 Fricldus
538 3800 852 3874 demonstrarunt².
870 3804 957 3872 Nam
976 3805 1116 3893 Satyrus
1139 3806 1230 3895 apud

188 4003 197 4041 ⁴
222 4004 331 4068 Pseud.
347 4008 440 4082 Plo-t,
459 4010 542 4088 epist.
560 4008 590 4070 8.

189 4109 202 4147 ²
227 4114 310 4189 Diuo.
328 4114 441 4187 tarot,
455 4114 480 4186 Ι,
494 4114 521 4185 3,
540 4113 565 4173 Ι.
582 4114 705 4187 Saddar,
724 4123 756 4176 u⁰
771 4126 922 4197 Λυκοῦργος
940 4116 986 4178 Gi.
1004 4118 1097 4193 Koa.¹
1111 4119 1227 4197 Disput.
