3159 5059
823 503 981 565 ..42-

359 642 411 710 Ad
438 642 668 733 principatum
702 642 873 710 (laesarum
905 640 1114 711 descendere
1147 647 1182 709 et
1212 640 1255 710 ad
1283 643 1443 711 «amieos

357 769 501 858 Augusti
523 791 540 833 n
571 768 726 836 animum
744 766 871 836 referre
890 765 991 835 debet
1006 766 1064 856 qui
1080 764 1330 856 delegationem
1345 768 1440 837 eius-

356 894 450 961 modi
470 914 489 961 a
508 893 661 982 principe
675 891 864 981 prolectam
884 892 1016 980 quaerit.

401 1016 464 1084 Hic
490 1021 605 1083 tamen
628 1014 820 1083 Aristotelis
844 1013 1079 1082 consideretur
1097 1012 1210 1082 loeus*
1235 1035 1303 1108 quo
1333 1036 1436 1084 cnon

353 1138 937 1231 ephorisapatribusrationesreddi
947 1140 1067 1208 asserit
1077 1144 1233 1208 eterrare
1242 1141 1435 1230 quitantam

352 1266 490 1355 ephoris
508 1269 711 1356 potestatem
729 1264 855 1333 tribuat
871 1287 903 1331 n.
922 1263 1005 1332 lnde
1025 1264 1194 1353 sequitur,
1216 1264 1245 1333 si
1260 1264 1302 1332 ab
1318 1265 1434 1335 incre-

351 1391 477 1459 mentis
496 1390 680 1479 ephoratus
703 1387 857 1457 eiusdem
877 1387 1066 1477 primordia
1089 1389 1314 1474 estimantur,
1342 1389 1435 1458 bunc

352 1515 464 1603 potius
480 1534 521 1583 ex
534 1512 672 1581 arbitrio
688 1517 826 1581 senatus
844 1532 947 1602 quam
966 1533 1087 1601 regum
1100 1513 1317 1602 pependisse.

398 1639 440 1706 Ut
453 1637 586 1705 facilius
601 1636 856 1723 intellegeretur
874 1635 967 1704 unde
982 1642 1056 1703 orta
1070 1642 1160 1705 esset
1174 1656 1216 1704 ea
1229 1636 1425 1719 auotoritas,

351 1783 419 1852 qua
452 1762 635 1850 collegium
667 1761 753 1829 illud
785 1760 820 1828 in
853 1761 947 1828 omui
979 1781 1016 1829 re
1048 1760 1185 1849 publica
1217 1760 1432 1851 inspicienda

223 1864 225 1869 ’
348 1886 519 1970 utebatur,
550 1886 646 1954 luere
674 1886 732 1974 qui
759 1882 975 1954 conicerent²
1005 1886 1093 1973 lege,
1126 1887 1255 1954 incerto
1274 1892 1430 1975 tempore

348 2012 426 2095 lata,
456 2011 597 2080 fortasse
621 2017 698 2101 post
722 2009 914 2079 secundum
927 2010 1056 2078 bellum
1072 2013 1283 2080 messenium
1296 2018 1329 2080 et
1349 2018 1429 2079 ante

346 2156 491 2224 regnum
519 2133 767 2203 Anaxandridae
796 2141 829 2203 et
856 2134 1035 2217 Aristonis,
1066 2133 1205 2223 regibus
1223 2135 1431 2225 imperatum

347 2265 475 2328 esseut
494 2280 630 2349 semper
645 2258 937 2327 consentientibus
957 2258 1081 2326 animis
1094 2264 1278 2327 tractarent
1291 2261 1429 2349 negotia

348 2404 424 2472 quae
440 2382 482 2450 ad
502 2402 574 2451 rem
593 2381 766 2472 publicam
786 2383 993 2470 pertinerent
1008 2388 1041 2451 et
1055 2382 1136 2450 inde
1150 2384 1309 2453 euenisse
1329 2391 1367 2452 ut
1385 2406 1429 2453 ex

346 2508 412 2575 alia
434 2509 523 2596 lege,
546 2529 624 2576 cum
651 2508 791 2577 minime
811 2509 999 2577 concordes
1017 2528 1116 2597 reges
1140 2515 1267 2593 essent,
1290 2510 1423 2599 ephori,

344 2637 462 2721 utpote
491 2653 610 2701 eorum
638 2632 769 2717 uideni,
801 2632 974 2700 ciuitatem
1002 2632 1231 2720 gubernarent
1258 2632 1425 2722 quamdiu

343 2762 460 2825 contra
474 2756 609 2826 decreta
620 2758 873 2846 protraheretur
886 2777 1008 2845 regum
1023 2756 1221 2826 discidium.

392 2882 440 2949 De
464 2881 577 2971 priore
596 2882 672 2970 lege
697 2880 782 2947 nihil
807 2879 898 2969 apud
917 2886 1051 2949 ueteres
1065 2885 1184 2959 exstat,
1206 2880 1272 2948 nisi
1288 2881 1424 2951 adeam

340 3006 508 3076 referatur
535 3008 627 3097 quod
653 3008 853 3075 Aristoteles
880 3006 984 3075 dixit:
1011 3030 1028 3072 (ι
1044 3006 1256 3075 Discordiam
1285 3028 1420 3097 regum,

340 3131 465 3199 iudicio
480 3132 734 3222 Spartanorum,
749 3131 896 3199 ciuitatis
908 3131 1119 3200 stabiliendae
1129 3132 1298 3201 rationem
1310 3153 1423 3221 quan-

340 3256 418 3325 dam
438 3253 535 3326 esse³
553 3281 585 3323 u.
609 3258 680 3325 Hoo
699 3255 851 3346 profecto
883 3256 1011 3325 dictum
1038 3256 1238 3344 ambiguum
1266 3263 1330 3343 est,
1357 3280 1424 3328 nec

338 3360 465 3449 ¹certam
479 3381 592 3470 legem
612 3374 805 3449 necessario
821 3379 1001 3468 designare
1022 3379 1171 3449 uidetur.

385 3506 433 3575 De
447 3505 635 3594 posteriore
655 3509 768 3572 autem
792 3504 881 3592 lege,
906 3523 1009 3593 quam
1023 3508 1063 3571 ut
1076 3508 1231 3591 rogatam
1245 3523 1322 3573 esse
1342 3525 1420 3575 cre-

375 3739 384 3772 ¹
406 3738 515 3810 Arist,
534 3733 615 3807 Pol,
634 3736 675 3808 ll,
692 3734 721 3808 6,
739 3733 788 3794 la.
810 3732 908 3807 law,
926 3732 992 3793 6-7.
1010 3730 1107 3793 Belrlr.
1121 3736 1192 3792 mai.

375 3842 387 3879 ²
404 3844 436 3905 G.
446 3845 536 3919 Dum,
549 3842 684 3903 Elntsteb.
698 3842 757 3903 und
769 3840 987 3903 Elntwickldes
1001 3840 1137 3921 Spartan.
1148 3838 1276 3920 Ephor„
1290 3859 1354 3921 pag.
1365 3842 1413 3903 92.

334 3948 380 4010 Ol.
399 3965 465 4029 pag.
483 3944 578 4009 81-89
596 3955 623 4008 et
640 3965 703 4025 pag.
721 3946 758 4008 94
775 3964 839 4026 sqq.

370 4056 382 4094 ³
404 4058 512 4131 Arist,
528 4056 606 4129 Pol,
625 4056 772 4130 11,6‚20.
791 4054 891 4128 12712,
909 4053 1013 4117 asad.
1033 4053 1128 4114 Bekk.
1147 4056 1215 4116 mai.
1233 4064 1275 4117 zet
1284 4060 1416 4138 σωτηρίαν

327 4172 434 4249 ἐνόμιζον
448 4173 480 4247 τῄ
493 4171 563 4227 πόλει
577 4165 637 4227 εἶναι
651 4174 793 4235 στασιάζειν
808 4172 864 4232 τοὺς
878 4168 999 4242 βασιλεῖς.
