3159 5059
790 482 948 545 ...92-

333 642 441 693 annos
469 623 588 714 posite
610 621 747 691 fuerunt
772 622 959 690 multorum
982 621 1112 690 ciuium
1137 620 1294 707 tortunae,
1316 621 1410 691 unde

331 768 468 817 manere
489 746 601 837 aliquo
626 744 728 815 modo
755 746 809 812 ius
827 744 975 813 ciuitatis
994 744 1148 813 instituta
1167 750 1325 834 spartana
1345 744 1405 813 do-

276 874 278 879 '
330 878 419 941 cent.
442 873 490 941 Ex
519 893 586 963 quo
609 869 708 938 facile
730 868 938 957 intellegitur
967 868 1113 958 ephoros
1137 868 1180 937 ad
1206 889 1243 937 se
1262 872 1407 938 traxisse

328 995 422 1063 illam
435 994 539 1063 totius
552 990 748 1083 reipublice
765 991 955 1060 custodiam
968 992 1011 1061 de
1025 1012 1093 1081 qua
1107 993 1275 1081 permulta
1287 1014 1404 1081 super-

327 1124 407 1188 sunt
422 1117 627 1187 testimonia.

375 1243 455 1322 Quae
472 1248 623 1334 potestas
637 1240 820 1311 manifeste
838 1240 887 1327 fit,
905 1260 985 1309 cum
999 1240 1125 1310 multas
1140 1241 1177 1311 in
1190 1263 1289 1331 reges
1303 1243 1407 1312 autin

325 1369 419 1437 ciues
442 1367 606 1455 irrogant,
639 1385 787 1455 cumque
811 1364 985 1449 multatos,
1009 1366 1038 1433 si
1061 1367 1198 1453 grauior
1222 1368 1266 1435 sit
1286 1388 1401 1458 poena,
1497 1378 1500 1381 ’

323 1492 436 1581 reipsa
454 1490 582 1559 eiciunt
600 1510 619 1557 e
638 1489 776 1579 populo.
801 1488 897 1567 Quod
918 1488 1019 1557 etiam
1044 1510 1104 1579 per
1122 1498 1250 1586 ἀτιμίαν,
1273 1493 1404 1560 scilicet

323 1636 383 1716 per
402 1614 671 1684 deminutionem
689 1613 808 1703 capitis
822 1613 1119 1703 consequebantur
1132 1616 1317 1701 interdum,
1335 1638 1399 1686 nec

323 1739 364 1808 ah
393 1760 434 1810 ea
460 1739 669 1809 desistebant
695 1744 873 1827 potestate,
900 1738 965 1805 nisi
993 1720 1110 1808 cume
1136 1760 1237 1829 poena
1269 1741 1398 1831 aliquid

237 1857 239 1861 ’
322 1863 514 1935 detrimenti
525 1864 718 1954 respublica
727 1863 1005 1953 capturafuisset.
1019 1864 1085 1947 Sic,
1096 1848 1396 1937 Leuctricaecladis

321 1995 459 2080 accepto
477 1990 611 2073 nuntie,
630 1990 806 2079 profugos
828 1992 893 2069 τοὺς
907 1993 1077 2084 τρέσαντας,
1094 1990 1171 2077 lege
1187 1992 1223 2057 in
1238 1990 1400 2060 deminu-

319 2121 433 2183 torum
446 2134 629 2183 numerum
639 2115 819 2203 relegatos,
834 2114 1018 2203 impunitos
1029 2113 1251 2199 dimiserunt,
1260 2122 1398 2185 auctore

318 2236 507 2330 Agesilao¹.
525 2241 568 2308 At
580 2240 752 2310 rarissime
768 2240 847 2309 data
863 2247 914 2309 est
929 2239 1097 2311 eiusmodi
1113 2241 1154 2309 ah
1170 2242 1219 2309 eis
1229 2242 1342 2310 uenia.
1362 2243 1397 2309 Si

318 2366 395 2455 quis
414 2373 528 2434 autem
556 2366 671 2455 quanti
700 2366 865 2435 momenti
891 2364 1050 2435 fueritin
1075 2366 1211 2435 ciuitate
1237 2373 1398 2455 spartana

318 2489 505 2560 deminutio
524 2492 643 2581 capitis
662 2489 963 2577 considerauerit²,
985 2512 1090 2580 quam
1116 2512 1206 2580 saepe
1227 2496 1261 2560 et
1288 2513 1395 2581 quem

316 2615 411 2684 leues
440 2615 482 2683 oh
510 2635 618 2684 noxas
644 2614 769 2685 indicta
800 2614 914 2701 fuerit,
942 2616 1041 2685 facile
1070 2616 1247 2704 dignoscet
1265 2616 1396 2685 immu-

270 2790 272 2795 .
315 2744 420 2807 talam
442 2759 512 2807 non
536 2740 643 2809 semel
664 2739 706 2808 ah
726 2742 864 2830 ephoris
878 2760 954 2810 esse
973 2740 1091 2831 populi
1106 2741 1258 2829 indolem
1274 2747 1308 2811 et
1327 2763 1394 2811 sae-

316 2864 393 2952 pius
405 2863 625 2932 imminutum
644 2864 773 2933 ciuium
791 2884 987 2933 numerum.

363 3067 432 3135 Neo
446 3066 520 3135 sola
533 3072 659 3150 tamen,
679 3087 754 3156 quae
765 3085 878 3157 penes
893 3066 1041 3155 ephoros
1052 3068 1136 3151 erat,
1152 3066 1238 3136 iuris
1248 3068 1397 3139 dictione

314 3193 555 3261 omniaeorum
564 3192 684 3261 munia
698 3192 858 3282 explicari
872 3198 1029 3281 possunt.
1047 3194 1237 3279 Nemeum,
1251 3196 1394 3267 subacta

313 3318 559 3406 Peloponneso,
581 3317 736 3386 hostibus
764 3318 919 3408 Spartani
945 3338 1006 3407 per
1034 3320 1157 3409 longos
1185 3341 1292 3391 annos
1321 3324 1391 3392 cir-

313 3443 565 3528 cumdarentur,
594 3444 757 3535 pleraque
786 3444 823 3512 in
842 3444 976 3516 civitate
1004 3445 1041 3511 in
1059 3446 1152 3515 hunc
1171 3448 1391 3537 potissimum

311 3569 417 3638 finem
435 3569 588 3637 instituta
611 3575 707 3637 erant
725 3574 763 3637 ut
781 3569 914 3637 hellum
943 3577 1146 3660 spectarent.
1169 3572 1240 3642 Nec
1263 3574 1393 3643 mirum

212 3732 214 3737 ·
311 3696 348 3763 in
371 3695 435 3764 hac
465 3714 582 3763 rerum
615 3694 848 3764 laconicarum
876 3695 1078 3766 condicione
1108 3703 1243 3767 ueteres
1271 3719 1391 3769 omnes

351 3909 360 3948 ⁴
385 3912 482 3989 Ploc,
502 3911 634 3992 Apopht.
651 3913 746 3975 lacon.
762 3913 880 4019 hgesil.

348 4016 361 4055 ²
384 4020 484 4082 Fuctcl
502 4020 536 4081 de
556 4020 732 4099 Centonem,
749 4022 800 4083 nt.
813 4040 871 4082 sur
888 4020 916 4083 la
933 4022 1041 4100 Propr.
1057 4026 1073 4083 a
1091 4021 1206 4101 Sparte.
1223 4021 1319 4083 Aced.
1336 4021 1388 4085 des

310 4132 359 4195 Sc.
376 4148 448 4193 mor.
467 4137 497 4191 et
510 4127 582 4208 pol,
602 4129 688 4205 1880,
705 4138 777 4192 tom.
793 4131 880 4206 XIV,
901 4149 968 4211 pag.
987 4130 1137 4193 189-190.
