3159 5059
798 420 959 483 ..gg-

331 579 464 629 merces
494 556 700 649 inspicerent
731 557 864 647 ephori,
891 563 949 626 aut
970 556 1160 626 uenditioni
1179 564 1216 627 et
1247 558 1417 647 emptioni

330 688 529 776 praeessent,
547 681 695 753 ostendit
714 682 752 751 Ο.
771 678 990 751 Muellerus¹.
1013 680 1092 765 Sed,
1111 680 1280 772 quidquid
1298 684 1415 752 existi·

330 810 497 881 mondum
511 816 563 880 est
581 809 624 879 de
639 806 887 878 consuetudine
906 814 1057 897 quaestus
1072 828 1091 877 e
1105 807 1260 876 nummis
1275 807 1416 881 creditis

331 944 424 1005 ortos
450 939 600 1019 uetante,
628 932 793 1001 nouimus
819 933 947 1022 Spartae
969 932 1070 1002 fenus
1095 933 1249 1002 exerceri
1273 934 1415 1002 solitum

330 1082 419 1133 esse.
435 1063 483 1131 De
502 1060 659 1151 pecuniis
673 1060 742 1127 iam
754 1058 901 1148 Lycurgi
912 1064 1023 1143 aetate,
1041 1078 1121 1127 cum
1130 1059 1231 1143 nulli,
1253 1059 1414 1150 quamuis

330 1186 554 1270 obstetfama,
576 1184 709 1253 nummi
728 1182 928 1266 ferirentur,
951 1182 994 1253 de
1013 1182 1152 1251 creditis
1167 1183 1258 1273 apud
1276 1184 1413 1252 Plutar-

330 1312 434 1381 chum
452 1306 593 1399 agitur².
615 1309 728 1377 Multis
748 1308 790 1376 ah
805 1328 846 1377 eo
865 1314 1020 1398 tempore
1040 1308 1194 1398 proditur
1212 1306 1319 1378 locis⁸
1336 1329 1413 1379 rem

330 1434 562 1526 pecuniariam
591 1432 705 1521 magni
731 1432 838 1501 luisse
866 1432 1127 1535 Lacedaemone.
1159 1434 1207 1502 De
1233 1434 1297 1501 hac
1329 1435 1414 1523 quin

330 1560 450 1651 ephori
474 1560 528 1628 ius
556 1558 704 1627 dixerint
722 1578 803 1626 cum
831 1577 902 1626 non
930 1558 974 1626 sit
993 1557 1150 1641 dubium,
1174 1558 1252 1648 quis
1268 1559 1414 1627 miretur

330 1706 451 1757 eorum
475 1689 679 1775 potestatem
710 1689 784 1752 tum
813 1684 952 1773 longius
980 1691 1180 1774 prouectam
1210 1706 1300 1769 esse,
1331 1706 1412 1755 oum

236 1871 238 1874 ,
329 1811 488 1880 maximis
510 1809 656 1878 fortunis
683 1809 873 1899 gauderent
895 1812 1076 1900 primoreS,
1105 1810 1140 1879 id
1159 1817 1223 1895 est,
1253 1833 1294 1881 ea
1313 1819 1412 1883 aetrte

330 1955 410 2026 qua,
429 1932 596 2023 Lysandri
610 1934 763 2002 uictoriis
774 1934 967 2023 reportatis,
986 1941 1135 2004 externae
1145 1934 1273 2004 diuitiae
1288 1935 1411 2003 urhem

328 2060 528 2128 inuaserant
539 2054 564 2124 ⁴.
582 2056 635 2124 Ad
648 2056 712 2125 hos
722 2076 831 2125 annos
846 2058 1047 2126 Plutarchus
1058 2060 1246 2148 plurimum
1261 2060 1411 2149 ephoros

327 2189 443 2257 ualere
459 2182 525 2255 ait⁵
546 2189 579 2254 ei
598 2186 635 2252 in
649 2184 717 2253 fine
737 2185 890 2253 uitarum
907 2186 1053 2274 Lycurgi
1072 2192 1107 2254 et
1118 2188 1237 2255 Numae
1256 2208 1312 2255 res
1322 2189 1412 2276 parif

327 2319 379 2383 ter
402 2317 550 2381 mutatas
571 2330 646 2379 esse
665 2311 783 2379 Romae
802 2317 837 2379 et
863 2311 990 2400 Spartae
1014 2310 1165 2380 aduentu
1191 2317 1413 2381 externarum

327 2438 552 2530 pecuniarum
574 2435 719 2505 notauit.
737 2437 811 2504 Hoc
830 2436 934 2525 igitur
964 2441 1077 2504 ratum
1096 2443 1147 2505 est
1171 2436 1293 2506 iisdem
1313 2439 1413 2507 annis

329 2564 454 2655 quihus
473 2561 747 2651 congerebantur
766 2562 922 2651 pecuniae
938 2563 974 2630 in
992 2583 1116 2631 manus
1142 2563 1346 2653 primorum,
1367 2565 1413 2633 ad

327 2708 500 2759 summam
520 2692 719 2777 prouectam
746 2706 822 2756 esse
846 2687 1055 2775 ephororum
1073 2688 1272 2776 potentiam.
1298 2690 1410 2778 Supra

325 2814 395 2884 iam
412 2812 549 2892 laudato
568 2811 760 2881 Aristotelis
774 2811 850 2881 loco
857 2808 878 2879 ⁰.
886 2811 928 2880 de
947 2812 1177 2882 contractibus
1192 2813 1234 2882 ad
1249 2814 1408 2903 pecuniae

325 2958 428 3009 usum
441 2936 690 3027 pertinentibus
705 2956 765 3006 cos
779 2935 950 3005 iudicasse
969 2937 1109 3005 scimus.

363 3276 373 3312 ¹
397 3272 429 3334 0.
446 3272 583 3347 Mueller,
600 3273 656 3333 Die
671 3273 791 3347 Dorier,
809 3273 835 3347 l,
855 3291 920 3354 pag.
940 3272 1009 3359 ¹¹⁶:

361 3380 374 3417 ⁵³
397 3382 494 3457 Plut,
511 3382 600 3461 Lyn„
617 3379 647 3455 9,
663 3380 712 3444 ll.

361 3486 374 3524 ³
395 3490 436 3552 V.
458 3487 503 3550 Gt.
526 3486 649 3561 Janoer,
673 3487 732 3549 Les
753 3489 854 3550 Instit.
877 3505 938 3549 soc.
957 3497 984 3549 et
1004 3487 1031 3548 le
1047 3490 1134 3551 Droit
1172 3490 1239 3553 civil
1256 3492 1406 3575 asporta,

320 3614 386 3678 pag.
410 3596 448 3659 54
467 3614 529 3675 sqq.
553 3595 655 3657 chtel
672 3596 707 3656 de
725 3596 905 3675 coniungas,
922 3576 972 3659 E't.
990 3614 1042 3658 sur
1063 3596 1092 3659 la
1110 3598 1219 3678 Propr.
1242 3601 1258 3662 11
1273 3601 1395 3683 Sparte.

319 3704 415 3769 Acad.
431 3703 481 3767 des
497 3704 546 3765 Sc.
562 3719 638 3765 mor.
656 3711 683 3766 et
696 3703 773 3784 pol,
790 3703 880 3780 1880,
896 3711 971 3767 tom.
984 3704 1073 3780 XIV,
1090 3723 1160 3786 pag.
1171 3706 1242 3771 849.

358 3812 369 3849 ⁴
390 3813 485 3887 Ptol„
503 3811 588 3891 hys,
607 3808 656 3873 30.

359 3924 371 3959 ⁸
391 3922 488 4008 Pica,
511 3918 640 4004 Agesil.²
658 3918 687 3981 l.

357 4031 369 4066 ⁶
392 4027 438 4089 cl.
456 4044 536 4105 sup,
553 4042 619 4106 pag.
638 4026 688 4089 87.

1575 3161 1577 3282 y

1569 4381 1572 4596 l

1542 4673 1570 5003 l
