3159 5059
592 507 631 518 -
653 468 709 534 103
731 506 770 517 -

145 619 263 685 serunt
288 610 331 693 ob
363 609 599 681 fortitudinem
625 629 702 700 quae
724 608 859 680 crimini
879 608 929 678 eis
947 603 1162 692 uertebatur,
1181 606 1229 676 ita

148 744 186 807 ut
209 735 346 827 ephoris
373 735 448 804 sine
469 732 573 802 dubio
592 732 775 815 tribuenda
793 732 837 800 sit
863 730 1035 801 horrenda
1053 730 1164 801 cades
1187 730 1229 799 de
1286 730 1288 734 ’

150 856 738 954 quamonetThucydides⁴.Octauo
758 859 850 928 enIm
863 857 944 927 beili
952 858 1230 948 Peloponnesiaci

151 1010 254 1072 anno,
272 992 453 1078 postquam
467 985 593 1053 uirtute
605 1004 667 1051 sua
677 984 857 1051 uictorIam
874 984 1000 1072 Spartae
1013 989 1228 1072 pepererant,
1265 969 1269 977 ’

151 1115 281 1183 circum
308 1111 435 1199 templa
456 1108 561 1191 ducti,
593 1107 734 1175 honoris
762 1127 879 1191 causa,
910 1113 943 1176 et
962 1108 1097 1176 coronis
1123 1109 1232 1177 ornati

153 1238 352 1329 paulopost
378 1254 449 1303 non
477 1236 742 1322 comparuerunt
767 1238 801 1300 et
819 1232 913 1301 ciues
940 1237 1117 1321 spartanos
1135 1234 1233 1302 latuit

152 1364 306 1432 facinus:
322 1366 357 1432 οὐ
380 1363 479 1454 πολλῷ
494 1357 612 1453 ὕστερον
636 1363 776 1453 dociam&
794 1388 825 1430 τε
837 1360 942 1439 αὐτοὺς
957 1365 1005 1429 καὶ
1028 1360 1117 1440 οὐδεὶς
1135 1365 1235 1454 fodero

153 1494 211 1587 ὅτῳ
231 1490 330 1584 τρόπῳ
348 1492 467 1567 ἕκαστος
484 1488 632 1581 διεφθάρη.

203 1700 284 1779 Quae
307 1720 411 1790 supra
436 1700 605 1767 illustrare
635 1698 746 1768 conati
774 1720 895 1768 sumus
922 1699 1236 1770 demonstrarunte

155 1821 285 1913 duplici
304 1822 472 1914 principio
495 1822 690 1889 manauisse
711 1822 917 1911 ephororum
935 1829 1150 1912 potestatem,
1168 1824 1237 1893 sci-

154 1949 234 2018 licet
249 1948 373 2017 eciuili
384 1948 468 2017 iuris
483 1946 674 2031 dictioneet
687 1968 706 2015 e
721 1947 858 2016 militari
867 1968 1009 2019 munere
1020 1949 1112 2039 quod
1125 1950 1239 2040 reipsa

156 2094 175 2141 e
189 2073 406 2143 fortunarum
426 2073 648 2141 aestimatione
674 2072 855 2162 pendebat.
874 2073 1041 2142 Praeterea
1056 2072 1180 2163 quibus
1196 2072 1237 2141 de

156 2196 270 2267 causis
290 2196 408 2285 ephori
423 2202 563 2265 externa
581 2196 719 2285 negotia
733 2200 918 2265 tractarent
931 2202 965 2265 et
979 2197 1015 2263 in
1031 2194 1122 2266 bello
1141 2218 1238 2266 com-

156 2319 318 2409 ponendo
337 2320 499 2410 pacisque
514 2317 730 2389 foederumue
745 2317 966 2391 condiciones
994 2319 1239 2391 subscribendo

158 2445 288 2535 primas
307 2451 447 2532 agerent
465 2444 663 2512 summatim
678 2444 844 2533 attingere
860 2465 947 2534 opus
961 2452 1024 2515 est.
1048 2446 1120 2515 Hoc
1138 2446 1240 2514 Intel-

159 2574 294 2662 legetur
321 2571 433 2655 facile,
453 2572 481 2640 si
509 2571 586 2661 quis
613 2572 823 2661 repntauerit
841 2572 884 2639 ad
911 2594 996 2662 quas
1021 2574 1241 2643 consiliorum

158 2700 311 2767 rationes
330 2704 488 2787 spartana
515 2718 571 2767 res
600 2697 737 2787 publica
764 2696 893 2767 ditecta
920 2699 1036 2769 fuerit.
1057 2700 1122 2768 Diu
1150 2701 1242 2770 uires

161 2843 241 2891 suas
261 2823 296 2890 in
315 2822 462 2891 tuendos
483 2827 541 2890 aut
554 2820 778 2911 proferendos
804 2822 891 2891 [ines
912 2823 1160 2893 Lacedaemonii
1186 2826 1242 2893 in-

163 2951 394 3036 sumpserant,
412 2967 505 3031 cum,
522 2945 661 3014 subacta
670 2945 810 3015 tandem
823 2947 1003 3034 Messenia,
1016 2948 1243 3038 principatum

108 3082 111 3091 '
161 3072 198 3141 in
225 3071 461 3161 Peloponneso
491 3069 681 3140 othnuere.
712 3072 801 3140 Huic
826 3072 918 3141 lento
947 3079 982 3141 et
1000 3072 1106 3142 arduo
1134 3074 1243 3143 labori

162 3196 356 3287 peragendo
372 3197 576 3265 suffecerant
585 3196 930 3267 neteraboriensium
940 3198 1106 3283 instituta,
1123 3219 1244 3288 regum

166 3324 352 3413 imperium
372 3329 406 3392 et
419 3328 558 3391 senatus
573 3323 765 3392 auctoritas
779 3325 928 3414 Antiqua
945 3346 1041 3394 more
1060 3324 1244 3396 instructus

164 3448 405 3537 Spartanorum
420 3446 590 3515 exercitus
606 3466 720 3515 annua
732 3446 824 3516 belia
833 3449 988 3519 finitimis
999 3449 1135 3541 populis
1154 3450 1244 3521 infc-

162 3572 260 3641 rebat
278 3572 486 3661 domumque
497 3570 640 3657 redibat,
654 3592 738 3662 pace
747 3580 844 3662 parta
853 3580 912 3642 aut
922 3573 1065 3644 deuictis
1073 3576 1240 3645 hostibus.

167 3698 222 3765 Sic
249 3697 413 3784 Amyclae,
449 3697 526 3781 Lae,
557 3696 688 3780 Pharis,
724 3697 922 3767 Geronthrae
950 3705 984 3769 et
1015 3705 1133 3788 postea
1157 3701 1246 3797 Boea

163 3822 339 3911 Helosque
365 3819 469 3890 urbes
497 3815 735 3911 expugnatae².
767 3822 856 3901 Quid
881 3823 936 3892 his
963 3825 1175 3913 temporibus
1191 3824 1246 3895 de

206 4008 216 4049 ¹
241 4011 391 4091 Ibtcopd„
406 4011 463 4089 IV,
479 4009 529 4073 80.
555 4080 560 4093 ,
1105 4103 1108 4107 A

206 4116 344 4193 ²Strub.‚
357 4119 447 4195 VIII,
459 4136 524 4199 pag.
539 4117 596 4182 364
608 4137 684 4199 sqq.;
698 4118 745 4192 CI,
760 4120 909 4197 Paucum,
922 4120 978 4198 ΙΙΙ,
994 4122 1071 4199 2,’6;
1087 4119 1137 4199 22,
1150 4123 1169 4186 6
1180 4141 1243 4206 sqq.
