3159 5059
788 506 829 521 -
850 473 889 537 20
910 507 949 519 ..

340 631 443 701 quarn
457 611 581 679 falsam
594 616 628 679 et
640 610 787 699 pecunia
802 609 1007 679 conductam
1022 609 1128 679 fuisse
1150 609 1420 678 demonstratum

340 745 401 808 est.
426 739 546 806 Postea
563 757 661 821 uero,
684 737 749 804 alia
773 735 817 805 de
836 756 952 820 causa,
975 736 1010 803 in
1029 734 1195 803 iudicium
1213 736 1421 825 ephororum

341 861 508 931 adductus
533 867 583 930 est
606 861 819 945 Cleomenes
842 861 877 927 in
896 860 1041 949 qualite
1066 862 1215 951 populus
1241 866 1421 950 spartanus

341 982 543 1053 deliberauit
562 988 595 1052 et
609 982 651 1052 de
666 1004 746 1073 rege
767 983 919 1052 decreuit
939 981 964 1050 ¹.

390 1106 478 1185 Quid
491 1107 613 1196 plura?
632 1107 803 1176 Herodoto
816 1107 976 1176 uidentur
991 1107 1110 1195 ephori
1125 1108 1225 1196 longe
1244 1112 1321 1176 ante
1334 1107 1425 1176 bella

343 1233 476 1302 Persica
495 1231 537 1301 de
552 1254 672 1322 regum
687 1233 892 1302 hereditario
906 1233 980 1301 iure
1000 1235 1216 1321 cognouisse,
1239 1255 1341 1303 suurn
1360 1234 1425 1301 he·

343 1359 459 1428 buisse
483 1360 613 1428 cultum
635 1360 790 1444 deorum,
815 1382 895 1429 cum
917 1362 1044 1451 populo
1076 1362 1223 1452 denique
1250 1364 1286 1431 et'
1302 1362 1428 1451 saepius

346 1506 425 1555 cum
438 1487 591 1575 patribus
607 1486 648 1556 de
656 1489 705 1557 rei
719 1488 866 1577 puhlicae
876 1486 988 1555 forma
1002 1488 1171 1556 seruanda
1182 1488 1304 1577 egisse.
1319 1489 1428 1555 lmmo

346 1619 504 1683 ueterum
517 1634 653 1682 morum
672 1614 833 1684 custodes
852 1622 886 1683 et
900 1615 1047 1704 antiquae
1066 1614 1254 1704 discipliuae
1269 1620 1429 1703 patronos
1561 1699 1562 1702 Ἴ

348 1738 397 1804 1111
417 1757 454 1805 se
474 1737 542 1805 iam
561 1738 796 1807 demonstrant
814 1759 911 1825 esse;
934 1739 1017 1828 quin
1036 1739 1139 1806 etiam
1163 1740 1199 1805 in
1214 1758 1255 1806 ea
1273 1758 1310 1806 re
1332 1737 1430 1804 abiis

219 1922 221 1925 .
349 1862 515 1950 incipiunt
534 1864 715 1931 consilium
730 1872 763 1933 61
778 1867 884 1948 iussa,
903 1864 931 1932 si
947 1864 1138 1933 Cleomenis
1155 1866 1169 1931 Ι
1189 1884 1270 1952 erga
1284 1864 1431 1952 ephoros

353 1988 518 2077 obsequio
532 1988 738 2059 eredimus‘2.

400 2117 480 2183 Haec
490 2115 531 2184 de
551 2118 687 2206 ephoris
703 2117 894 2187 sentiebant
907 2118 1074 2206 Spartani,
1085 2116 1249 2185 Herodoti
1263 2118 1432 2206 aequales3

353 2264 429 2332 quae
444 2243 586 2313 fortasse
606 2245 759 2333 proficiet
778 2246 1041 2328 memorauisse‚
1059 2264 1255 2333 quanquam
1267 2244 1359 2311 haud
1373 2264 1437 2311 nos

353 2369 452 2457 fugit,
470 2377 605 2440 auctore
624 2371 832 2461 Thucydide,
849 2366 958 2439 multa
973 2371 1014 2440 de
1028 2373 1218 2462 Spartaper
1232 2376 1439 2440 uetustatem
1564 2433 1565 2438 ,

354 2502 548 2586 temporum
570 2498 743 2567 obliuione
763 2499 897 2581 obruta,
920 2504 979 2566 aut
1005 2518 1111 2587 praue
1135 2499 1273 2587 uulgata
1292 2494 1434 2566 fuisse³.

357 2622 444 2691 IHud
463 2630 608 2706 tanturn,
630 2631 816 2713 utcumque
836 2630 899 2709 est,
923 2624 1129 2708 notandum,
1154 2624 1246 2713 quod
1264 2645 1368 2693 unam
1388 2624 1403 2690 1
1421 2660 1439 2674 -

356 2771 449 2817 mam
464 2749 565 2818 tradit
583 2751 776 2819 Herodotus
792 2756 825 2818 et
844 2770 920 2818 eam
937 2749 1098 2817 omnibus
1113 2755 1240 2818 notam.

406 2876 534 2945 Eadem
547 2876 617 2945 fere
629 2882 729 2965 atque
741 2876 934 2944 Herodotus
949 2876 1070 2944 litteris
1084 2875 1222 2944 tradidit
1234 2875 1437 2965 Xenophon.
1497 2950 1501 2957 ,

242 3014 244 3021 “
359 3004 458 3088 Nam,
480 3011 518 3072 ut
537 3010 656 3093 putant
678 3003 744 3070 uiri
764 3001 965 3085 doctissimi,
987 3002 1127 3070 libellus
1150 3002 1207 3070 ille
1226 3002 1443 3091 Xenophonti

360 3132 561 3202 tribuendus
580 3138 632 3201 est
658 3131 779 3220 quide
799 3135 839 3198 lle
865 3133 1008 3214 paetico
1035 3134 1364 3197 Lacedaemoniorum
1388 3132 1443 3198 in-

403 3334 412 3371 ¹
435 3336 560 3407 Herod„
578 3336 635 3409 VI,
655 3334 706 3397 81.
729 3334 813 3407 Quid
829 3334 865 3396 dc
881 3334 937 3396 hoc
949 3335 1062 3413 populo
1077 3333 1302 3396 existimandum
1319 3335 1367 3408 sit,
1383 3332 1441 3394 uid.

362 3444 447 3519 inin,
463 3462 529 3523 pag.
541 3444 579 3508 60
602 3461 667 3522 sqq.

390 3538 416 3601 '²
436 3554 557 3624 Herod..
575 3551 632 3626 ΙΙΙ,
654 3551 719 3613 lta.
744 3552 821 3614 Cum
837 3552 977 3632 expellie
998 3553 1103 3630 Sparta
1125 3549 1321 3624 Maeandrum,
1344 3558 1444 3629 tyran·
1470 3558 1474 3565 '
1551 3588 1554 3595 ·

366 3678 436 3721 num
449 3658 596 3733 Samium,
607 3658 643 3719 ob
654 3666 823 3737 temptatam
839 3658 917 3719 abeo
933 3658 1131 3736 corruptelam
1146 3655 1319 3718 Cleomenes
1332 3657 1348 3715 I
1363 3638 1448 3734 opor-

367 3777 427 3829 tere
443 3765 642 3838 arbitraretur,
661 3772 709 3848 βὰς
720 3772 761 3827 ἐπὶ
773 3774 830 3833 τοὺς
840 3772 938 3849 ἐφόρους
950 3785 1001 3828 rex
1011 3782 1078 3826 eum
1093 3763 1203 3845 expelli
1214 3768 1310 3846 ἄμεινον
1324 3763 1385 3824 εἶναι
1395 3766 1447 3843 ἔφη.

368 3876 548 3939 Consiliator
570 3878 668 3955 itaque
694 3895 766 3952 rex3
793 3892 854 3936 non
877 3878 1005 3955 imperat
1024 3875 1153 3955 ephane,
1179 3876 1239 3952 qui,
1267 3875 1373 3952 reipsa,
1400 3891 1449 3953 per

374 4002 534 4065 praecones⁷
551 3983 734 4045 Maeandrum
753 3982 942 4063 expulerunt.

411 4090 423 4129 ³
448 4092 601 4171 Thecpd„
618 4093 645 4165 I,
673 4090 725 4153 20.
