3159 5059
790 398 972 459 -106-

385 534 565 607 Prostratis
583 534 738 619 Athenis,
760 554 841 603 cum
858 537 1059 605 uniuersam
1086 537 1250 607 Graeciam
1268 539 1423 630 Spartani

332 662 508 753 regebant,
523 668 557 730 et
568 660 696 751 ubique
710 664 978 729 aristocraticom
992 660 1189 753 reipublicae
1198 663 1345 732 formam
1355 686 1419 734 co-

330 786 498 857 nabantur
518 784 737 867 constituere,
752 782 879 874 aliqua,
891 787 930 851 ut
949 782 1044 853 aiunt
1055 778 1366 877 Plato,'Xen0ph0n
1385 801 1421 862 et

327 910 527 979 Aristoteles
539 904 565 992 ⁴,
584 906 763 995 tyrannide
783 908 882 995 potiti
908 915 989 976 sunt
1007 909 1227 998 magistratus
1250 912 1311 980 illi.
1340 914 1419 981 Non

325 1036 429 1104 modo
456 1034 549 1105 enirn
573 1032 678 1117 domi,
709 1030 771 1101 sed
791 1031 876 1101 sorIs
898 1034 1002 1101 etiam
1022 1035 1137 1103 omnia
1165 1034 1414 1125 gubernabant,

326 1162 424 1229 cuius
438 1158 487 1229 rei
503 1164 536 1227 et
544 1157 736 1248 Xenophon
751 1161 784 1225 et
798 1158 1001 1226 Plutarchus
1007 1160 1107 1247 plura
1123 1162 1280 1251 exempla
1293 1183 1416 1252 suppe-

325 1287 433 1355 ditant
456 1304 558 1375 quam
577 1289 615 1350 ut
634 1281 750 1350 omnia
776 1282 835 1350 illa
853 1282 1023 1371 collegere
1042 1304 1184 1354 necesse
1214 1287 1268 1354 sit.
1300 1288 1412 1373 Nunc,

324 1412 399 1479 sine
416 1406 555 1491 iudicio,
578 1404 750 1474 Cinadona
769 1406 996 1495 consciosque
1016 1407 1142 1497 incepti
1162 1418 1300 1495 necant,
1319 1432 1412 1479 nunc

322 1532 380 1601 uel
409 1530 543 1613 ducem,
565 1535 604 1597 ut
629 1528 859 1616 Dercyllidam
887 1548 949 1596 suo
975 1528 1112 1598 arbitrio
1136 1529 1267 1599 bellum
1291 1553 1412 1621 gerere

322 1651 489 1747 cogunl2,
518 1652 575 1723 uel
609 1672 739 1741 regem,
776 1658 814 1720 ut
856 1652 1056 1740 Agesilaum
1095 1652 1239 1723 domum
1282 1659 1410 1726 reuerti

258 1847 260 1851 ⁴
322 1776 480 1849 iubent³.
513 1779 562 1846 De
594 1776 788 1846 ciuitatibus
818 1777 961 1865 imperio
997 1775 1138 1846 adiectis
1170 1785 1335 1864 statuunt,
1374 1787 1409 1851 et

322 1904 445 1995 quibus
465 1904 532 1971 uiis
553 1907 611 1970 aut
637 1900 870 1989 gubernandae
890 1906 948 1968 aut
966 1899 1122 1971 libertate
1150 1902 1318 1973 donandae
1340 1906 1409 1975 sint

321 2031 519 2100 decernunt.
537 2028 585 2096 De
602 2027 772 2095 sociorum
786 2025 923 2094 tributis
939 2032 973 2095 et
986 2025 1195 2095 oboedientia
1209 2028 1361 2100 iudicant
1376 2034 1410 2099 et

320 2153 455 2244 quando
475 2153 589 2220 minus
608 2151 631 2218 ii
653 2170 773 2241 parere
791 2150 952 2219 uidentur
970 2150 1101 2219 bellum
1125 2161 1246 2243 sponte
1275 2158 1406 2225 suain-

319 2277 435 2367 dicunt
455 2276 482 2343 ⁴.
504 2276 694 2343 Harmostae
712 2273 838 2363 quibus
852 2272 1075 2342 subactarum
1094 2276 1233 2345 urbium
1253 2280 1408 2369 regimen

220 2463 222 2467 .
318 2400 591 2470 committebatur
617 2399 659 2467 ab
689 2399 730 2467 iis
746 2398 950 2468 creabantur
966 2407 1023 2467 aut
1046 2401 1254 2471 tollebantur
1269 2402 1294 2471 ⁵.
1321 2407 1406 2473 Cum

317 2526 493 2595 Phaebidas
508 2525 587 2593 dolo
603 2523 734 2593 Thebas
757 2525 847 2613 cepit
866 2525 909 2593 ad
935 2526 1143 2615 ephororum
1171 2531 1401 2620 cognitionem

247 2696 248 2699 ,
316 2668 372 2717 res
399 2648 510 2717 delata
540 2641 638 2717 est⁶.
672 2647 758 2715 Sane
786 2647 983 2717 contionem
1011 2651 1129 2740 populi
1163 2652 1406 2743 interrogatam

358 2920 367 2956 ¹
388 2923 489 2995 Ptol„
506 2924 592 3001 hog,
609 2922 665 2995 IV,
683 2921 753 2995 712,
768 2924 809 2983 D.
828 2923 983 3001 renopt„
999 2924 1044 2985 De
1059 2925 1105 2986 Ro
1120 2923 1206 3005 publ.
1223 2925 1402 3000 lacedem,

315 3032 406 3110 VIII,
422 3041 451 3094 4.

354 3142 462 3215 Arist,
477 3140 563 3215 Pol,
581 3142 622 3215 ll,
639 3139 669 3215 6,
687 3141 720 3203 9.

353 3251 366 3289 2
386 3249 533 3327 decupla,
554 3249 688 3327 Hellen,
706 3250 763 3323 ΙΙΙ,
782 3249 811 3323 2,
830 3250 882 3312 12.

354 3353 366 3391 ³
385 3355 531 3434 renopa,
549 3356 678 3435 Agesil,
695 3358 721 3429 I,
739 3356 788 3431 36,
807 3356 938 3431 V11‚t;
964 3358 1062 3432 Prot,
1079 3360 1196 3438 Agesil.

353 3459 530 3542 *Xenopt.,
555 3463 690 3538 Hellen,
714 3465 772 3538 ΙΙΙ,
798 3464 827 3538 2,
851 3463 901 3539 23,
926 3464 975 3526 ubi
998 3466 1097 3544 agitur
1110 3466 1147 3529 de
1161 3467 1239 3531 bello
1254 3470 1397 3533 aduersus

314 3570 466 3635 Eleenses.

353 3680 532 3760 ³Xenopt.,
557 3680 687 3756 Hellen,
715 3682 771 3757 IV,
798 3682 829 3757 8,
851 3682 902 3743 32.
930 3682 1099 3745 Anaxibius
1124 3682 1313 3766 urbiAbpdo
1328 3688 1396 3748 har-

311 3796 420 3851 mostes
434 3790 596 3868 imponitur
610 3787 645 3849 ab
660 3789 790 3869 ephoris.
814 3791 962 3870 Xenoplt„
980 3790 1118 3867 Hellen„
1134 3791 1193 3869 ΙΙΙ,
1210 3793 1239 3865 4,
1257 3796 1287 3857 2.
1311 3780 1396 3867 Quos

312 3897 464 3978 Lysander
477 3899 667 3960 constituerat
683 3898 838 3960 harmostae
853 3898 1032 3978 ephororum
1047 3900 1136 3962 iussu
1149 3899 1305 3965 tolluntur.

349 4016 362 4054 6
382 4005 528 4086 Xenoplt..
548 4003 680 4081 Hellen,
698 4004 739 4080 V,
756 4005 785 4079 t,
805 4004 853 4067 39.
