3159 5059
660 407 819 469 ..45-

195 566 289 615 mere
319 547 437 617 solitos
461 548 558 619 esse¹
588 550 714 617 Maiora
738 568 845 638 penes
871 568 932 617 eos
960 547 1067 618 fuisse
1093 550 1175 617 olim
1203 551 1278 620 iura

195 669 273 759 quis
294 671 502 740 contendat?
516 672 638 740 Mirum
651 679 768 741 tamen
781 672 870 742 foret
883 673 1034 762 ephoris,
1047 674 1136 743 inter
1149 675 1277 744 amicos

194 817 277 865 suos
292 798 421 880 electis,
439 819 538 887 reges
553 799 712 869 absentes
725 799 811 867 nihil
832 798 926 867 aliud
944 800 1158 869 commisisse
1173 820 1278 890 quam

191 922 270 991 lites
290 944 309 991 e
328 924 487 992 ciuilibus
506 924 735 993 contractibus
766 931 870 1009 ortas,
898 947 987 1014 quae,
1020 927 1230 1016 ceteroquin,
1257 946 1277 994 e

193 1048 300 1115 moris
312 1049 443 1139 antiqui
458 1055 491 1119 et
507 1050 670 1119 solemnis
681 1050 938 1118 consuetudinis
951 1051 1127 1140 praeceptis
1139 1071 1276 1139 quoque

191 1172 398 1262 pendebant.
418 1175 556 1244 Amicos
576 1195 660 1243 uero
679 1175 763 1242 istos
782 1176 885 1262 regis,
908 1181 946 1243 ut
965 1176 1161 1244 intransitu
1180 1174 1274 1243 dica·

191 1318 282 1381 muS,
305 1320 392 1389 quos
413 1300 543 1369 inducit
561 1297 728 1369 Dumius²
747 1321 767 1368 a
785 1301 966 1369 Cleomene
981 1301 995 1368 Ι
1009 1321 1120 1389 usque
1134 1300 1177 1369 ad
1191 1302 1274 1390 Agi-

193 1422 273 1490 dem
288 1422 343 1505 IV,
362 1444 452 1512 saepe
469 1444 548 1492 cum
562 1444 642 1512 rege
663 1424 705 1491 ad
724 1423 933 1513 ephororum
953 1423 1100 1491 tribunal
1120 1424 1271 1501 uenisse,

191 1569 369 1639 nunquam
388 1550 423 1617 in
443 1550 650 1640 ephororum
667 1551 811 1638 collegio
835 1556 990 1618 uersatos
1007 1569 1084 1618 esse
1102 1550 1273 1639 comperi·

190 1694 282 1742 mus
301 1675 344 1742 At
362 1675 576 1763 tyrannidem
591 1673 795 1743 meditantes
811 1674 894 1763 Agis
908 1675 952 1744 lV
966 1680 1000 1743 et
1013 1675 1212 1743 Cleomenes
1226 1676 1271 1744 lIl

189 1800 359 1889 quosdam
375 1822 394 1869 e
413 1801 638 1870 familiaribus
659 1806 693 1870 et
712 1802 844 1890 agnatis
858 1802 893 1867 in
907 1800 993 1869 illud
1014 1801 1272 1870 intromiserunt

189 1924 294 1995 suis³.

235 2054 339 2122 Multo
364 2054 537 2122 difficilius
561 2056 664 2124 etiam
683 2074 762 2121 cum
780 2053 875 2140 regia
905 2052 1112 2141 ephororum
1140 2052 1270 2141 origine

185 2180 342 2267 congruit
361 2186 611 2248 sacramentum
632 2199 712 2269 quo,
735 2178 880 2266 singulis
899 2176 1089 2259 mensibus,
1114 2176 1202 2245 inter
1231 2196 1268 2244 se

185 2305 482 2393 adstringebantur
500 2326 600 2393 reges
619 2313 652 2375 et
667 2305 800 2394 ephori,
824 2323 905 2371 oum
924 2303 973 2370 illi
994 2323 1031 2371 se
1046 2322 1065 2370 e
1078 2303 1268 2371 constitutis

184 2432 234 2500 rei
253 2431 398 2521 publicae
417 2432 551 2520 legibus
565 2452 711 2520 rognum
722 2436 879 2520 gesturos
895 2450 982 2511 esse,
999 2430 1035 2496 hi
1050 2448 1132 2496 uero
1148 2429 1268 2497 incon-

185 2575 326 2623 cussum
345 2575 364 2623 a
383 2575 420 2624 se
435 2576 580 2644 regnum
600 2561 775 2623 seruatum
790 2554 832 2621 iri
847 2552 1109 2642 pollicebantur,
1127 2570 1167 2618 ea
1181 2569 1267 2618 con-

184 2678 317 2748 dicione
341 2685 379 2747 ut
410 2679 587 2769 promissis
624 2700 723 2768 reges
755 2676 917 2747 starent⁴.
955 2677 1004 2744 lta
1036 2680 1150 2743 autem
1182 2675 1266 2742 iuris

181 2805 316 2874 iurandi
330 2806 519 2895 composita
537 2805 643 2875 uerba
662 2812 758 2874 erant
772 2810 810 2872 ut
829 2804 997 2871 aduersus
1008 2802 1141 2889 regium
1155 2799 1262 2888 impe·

182 2931 271 2999 rium
286 2931 406 2999 ciuitas
425 2930 633 3020 prouideret‚
652 2918 716 2999 nec
734 2929 778 3013 ei,
802 2928 869 2996 nisi
884 2946 1026 2996 munere
1036 2925 1166 3015 populi,
1183 2943 1264 3013 per·

180 3056 343 3125 manendi
362 3056 563 3125 concederet
581 3057 736 3125 ueniam.
760 3053 918 3123 Officium
933 3050 1131 3120 huiusmodi
1144 3068 1263 3118 susce·

221 3312 230 3345 ¹
253 3306 376 3377 Herod,
392 3304 452 3378 VI,
469 3305 518 3367 57.
538 3306 684 3382 Xenoph,
707 3305 752 3363 De
768 3302 814 3363 Re
830 3301 912 3380 publ.
930 3300 1107 3373 becedam,
1124 3297 1213 3373 XIII,
1229 3297 1258 3359 2.

177 3415 286 3488 Arist,
303 3412 384 3486 Pol,
398 3413 497 3486 111,9,
511 3414 541 3473 9.
561 3412 664 3487 12852,
683 3411 781 3473 Behh.
798 3413 867 3472 mai.
884 3410 931 3472 Gt.
945 3404 1182 3479 Dom,llrrtsteh.
1200 3404 1260 3466 uod

178 3518 337 3581 Eotwickl.
352 3518 404 3579 des
420 3519 558 3598 Spartan.
577 3518 702 3597 Epiron,
729 3536 791 3598 pag.
812 3515 962 3580 133-134.
989 3514 1037 3576 Ol.
1053 3512 1130 3593 quod
1145 3512 1181 3572 ad
1197 3514 1260 3573 uias

175 3625 309 3705 publicas
323 3627 436 3697 attinet,
455 3643 542 3703 reges
559 3636 711 3705 spartanos
726 3644 793 3687 cum
807 3624 1003 3705 pontificibus
1018 3619 1156 3682 romanis.

215 3738 226 3771 ¹
250 3732 282 3793 d.
304 3733 393 3809 Dum,
411 3734 546 3794 llutsteh.
568 3733 627 3793 und
642 3733 807 3797 Entwickl.
823 3732 875 3793 des
891 3732 1026 3811 Spartan.
1043 3727 1168 3808 Ephor„
1185 3745 1254 3806 pag.

175 3842 281 3905 tlt-82.

217 3948 229 3986 ³
253 3948 349 4020 rtur,
373 3947 459 4023 Agis,
476 3947 505 4009 8.
531 3947 662 4023 (tieem,
680 3948 712 4010 6.

217 4060 227 4094 ⁸
250 4054 396 4133 Xenoph,
414 4054 460 4115 De
474 4057 520 4117 Re
539 4055 618 4136 publ.
640 4054 819 4131 becedam,
835 4054 906 4129 XV,
924 4053 953 4116 7.
